3260 5020
345 309 416 380 220
446 331 449 345 ’

347 447 428 514 est.
456 439 591 530 Quibus
609 437 728 510 verbis
754 435 913 532 iniquum
939 437 1032 509 hunc
1050 437 1266 534 perditorem
1290 441 1328 514 in
1345 442 1427 530 cha-

346 543 683 640 ritatedeplorabat.
700 564 715 600 c
732 539 907 613 Melius
925 540 966 612 ei
984 548 1097 636 erat,
1116 543 1157 614 si
1181 551 1321 616 natus
1338 569 1427 619 nou

346 647 522 722 fuisset
539 685 566 722 a.
581 648 633 718 At
650 645 681 718 si
694 644 867 746 Dominus
884 666 1023 718 crucem
1040 645 1232 720 ascendere
1243 647 1427 753 voluisset,

346 751 383 824 in
401 775 506 847 quam
537 757 675 847 partem
705 750 772 822 hoc
797 751 947 822 verbum
978 749 1237 844 inclinabimus,
1266 777 1352 825 num
1382 753 1428 826 ad
1499 794 1536 812 ·-=

346 854 636 952 praescientiam,
671 877 718 926 an
743 853 789 925 ad
811 851 1063 948 inscientiam,
1089 876 1136 926 an
1162 855 1207 928 ad
1232 855 1428 954 fallaciam,

346 983 455 1056 quum
473 958 586 1031 dixit:
609 956 772 1030 “Melius
791 956 825 1028 ei
851 960 937 1050 erat,
960 955 991 1028 si
1015 964 1120 1030 natus
1146 982 1218 1032 non
1242 959 1369 1034 fidsset
1383 960 1428 1035 a?

345 1061 445 1152 Quae
464 1069 546 1136 sunt
563 1061 730 1152 rationes,
747 1083 838 1158 quae
864 1059 1113 1155 impedierunt,
1130 1063 1318 1160 quominus
1343 1084 1426 1164 poe-

345 1165 498 1242 nitentia
515 1165 791 1264 acceptationem
807 1163 1029 1238 mereretur*
1047 1165 1063 1234 Ρ

447 1270 486 1345 si
502 1271 568 1344 hae
587 1275 670 1342 sunt
686 1276 768 1341 tuae
785 1266 967 1340 irrisiones
986 1273 1022 1340 et
1038 1273 1100 1341 tua
1121 1268 1286 1364 ludibria,
1306 1295 1426 1344 exem·

346 1371 444 1470 plum
462 1366 645 1448 tibi‘Sume
664 1377 866 1470 serpentem
884 1378 920 1444 et
936 1371 1010 1443 noli
1027 1371 1231 1469 vituperare
1246 1381 1283 1447 et
1300 1397 1428 1472 argue-

238 1546 242 1555 ,
345 1499 385 1549 re
402 1501 471 1572 me,
489 1477 512 1550 i.
534 1501 564 1550 e.
582 1500 639 1549 me
657 1500 722 1573 pro
740 1475 909 1571 magistro
926 1498 1015 1548 mec.
1035 1475 1074 1548 Si
1097 1477 1191 1550 enim
1207 1477 1326 1552 Adam
1351 1480 1428 1576 ipse

194 1621 196 1630 s
276 1675 278 1683 y
341 1581 549 1654 mandatum
574 1587 866 1676 transgressurus
884 1585 972 1672 erat,
990 1603 1097 1676 quam
1114 1580 1262 1677 gloriam
1281 1589 1321 1654 tu
1346 1607 1428 1656 con-

345 1683 443 1782 geris
469 1686 507 1759 in
531 1683 771 1782 blasphemias
796 1681 905 1778 illiue,
919 1683 980 1779 qui
1006 1707 1045 1756 os
1073 1685 1250 1782 serpentis
1279 1686 1428 1784 puluere

345 1787 508 1886 implevit
524 1795 564 1862 et
577 1811 659 1861 eum
677 1787 876 1864 decurtavit
897 1793 933 1860 et
958 1787 1195 1861 consolamine
1221 1789 1428 1864 ambulatio·

344 1890 401 1964 nis
427 1893 582 1990 privavit
594 1891 640 1964 ²?
670 1892 709 1966 Si
725 1897 844 1966 autem
860 1891 977 1966 Adam
993 1914 1065 1966 non
1081 1899 1159 1973 erat
1182 1899 1427 1990 transgressu·

344 1997 504 2070 russina
533 1996 758 2090 sollicitante,
779 1997 878 2092 juste
907 1994 1024 2092 poena
1051 1995 1090 2066 in
1119 2004 1225 2094 caput
1252 1999 1428 2096 serpentis

346 2099 482 2174 recidit.
509 2101 590 2176 Etsi
616 2099 860 2194 concedamus,
876 2099 993 2174 Adam
1018 2099 1063 2171 ad
1089 2101 1305 2196 peccandum
1325 2126 1429 2198 prae·
1538 2130 1552 2152 ·

344 2211 509 2300 paratum
536 2213 614 2279 e'sse
640 2229 705 2302 per
723 2227 805 2280 eum
822 2202 884 2300 qui
908 2201 975 2275 luit
1000 2225 1107 2276 causa
1132 2207 1279 2300 peccati,
1296 2213 1427 2300 tamem

344 2307 428 2402 quia
452 2308 559 2382 istam
584 2308 892 2406 praeparationem
908 2307 1008 2404 prius
1031 2307 1197 2406 suscepit,
1215 2310 1333 2384 Adam
1345 2309 1429 2406 jure

343 2433 476 2506 poenas
493 2411 561 2486 luit
576 2411 603 2484 ³.
622 2411 789 2501 Quinimo
805 2411 923 2485 Adam
944 2411 988 2484 ob
1009 2411 1101 2489 hanc
1116 2412 1155 2484 in
1177 2413 1372 2486 tentatione
1389 2412 1429 2486 in

345 2536 387 2584 eo
417 2515 598 2590 inventam
630 2515 837 2610 mollitiem,
867 2515 1010 2596 etiamsi,
1031 2539 1178 2619 serpens
1208 2539 1332 2592 ansam
1357 2541 1429 2590 non

343 2620 579 2714 praebuisset,
609 2619 648 2692 in
676 2619 765 2694 alias
795 2618 1099 2716 transgressiones
1124 2621 1292 2719 delapsus
1322 2627 1429 2714 esset,

345 2721 433 2817 quin
450 2724 681 2797 tentationem
698 2723 845 2797 subiret.
861 2724 919 2798 Ita
932 2731 969 2796 et
985 2721 1059 2816 ille,
1073 2727 1135 2824 qui
1151 2747 1292 2800 crucem
1308 2747 1431 2798 ascen·

345 2825 409 2917 dit,
422 2825 570 2902 forsitan
583 2827 659 2900 sine
672 2828 742 2901 ista
757 2851 863 2901 causa
875 2828 1084 2904 occasionali
1100 2831 1138 2903 in
1151 2852 1289 2904 crucem
1303 2851 1427 2903 ascen-

344 2953 449 3004 surus
476 2938 562 3026 erat,
593 2931 678 3005 licet
707 2931 745 3004 id
781 2955 854 3004 non
884 2933 931 3006 sit
961 2932 1175 3028 verisimile,
1201 2932 1283 3030 quia
1308 2931 1426 3030 Scrip-

343 3041 381 3106 ta
403 3032 418 3081 l
443 3033 690 3110 Hebraeorum
707 3043 744 3108 et
761 3035 832 3110 alia
859 3035 965 3148 plura
997 3036 1064 3111 hoc
1092 3063 1158 3112 nos
1183 3037 1327 3112 credere
1356 3059 1427 3110 non

344 3137 474 3212 sinunt.

450 3241 615 3318 Charitas
640 3227 806 3319 arcanum
832 3243 1036 3343 publicavit,
1055 3252 1090 3318 et
1117 3217 1266 3321 timoril
1291 3243 1427 3319 revela·

346 3541 377 3598 Μ
426 3465 452 3520 1
472 3463 694 3554 i'raecedentia
715 3467 786 3523 sunt
808 3465 905 3526 verba
929 3468 1086 3546 cujusdam
1108 3467 1275 3544 haeretici,
1296 3465 1426 3526 forsitan

379 3559 520 3601 arcionis.

425 3622 453 3677 2.
475 3620 521 3678 (tf.
536 3622 704 3680 comment.
719 3639 744 3680 s.
763 3623 855 3698 Ephr.
869 3622 909 3681 ad
922 3625 999 3684 Gen.
1018 3630 1046 3700 3,
1069 3626 1114 3684 15.
1128 3625 1242 3685 Sensus
1262 3629 1328 3684 est:
1341 3625 1372 3684 Si
1384 3626 1425 3684 A·

346 3699 417 3758 dam
430 3699 495 3775 ipse
509 3701 574 3758 sine
588 3701 759 3760 tentatione
772 3700 885 3762 diaboli
897 3708 1067 3780 peccasset,
1079 3721 1157 3780 quae
1177 3704 1276 3781 gloria
1287 3709 1427 3764 maneret

346 3779 488 3854 Satanae,
498 3797 554 3856 per
564 3798 653 3856 quem
668 3781 819 3858 serpentis
830 3783 997 3860 ospulvere
1009 3783 1166 3862 impletum
1177 3791 1209 3844 et
1222 3783 1288 3860 ipsa
1299 3799 1426 3860 serpens

347 3855 476 3935 pedibus
491 3859 616 3917 orbatus
634 3863 707 3918 est?

425 3938 453 3993 3.
474 3937 511 3994 In
525 3938 591 3996 cod.
608 3938 649 3997 B:
662 3937 728 3996 Etsi
741 3939 953 4013 concedamus,
966 3941 1064 4000 Adam
1075 3940 1114 3999 ad
1126 3944 1285 4018 peccatum
1299 3959 1426 4019 praepa·

346 4015 448 4072 ratum
462 4033 530 4076 esse
544 4035 600 4094 per
613 4032 693 4092 eum,
707 4017 758 4094 qui
770 4017 829 4078 fuit
842 4037 943 4097 causa,
957 4019 1268 4098 utpraeparationom
1280 4021 1365 4098 prius
1374 4040 1424 4080 ac-

347 4091 473 4169 ciperet,
488 4095 589 4154 tamen
599 4097 670 4174 jure
683 4096 806 4176 punitus
820 4101 878 4157 est.

427 4173 455 4228 4.
476 4170 525 4231 Ad
547 4174 694 4234 verbum:
719 4175 905 4236 “Lectiones
928 4175 1179 4250 Hebraeorum,
1200 4176 1219 4236 i.
1232 4196 1260 4238 e.
1283 4177 1427 4239 vaticinia

350 4248 464 4325 antiqui
487 4252 686 4329 Testamenti,
708 4272 786 4332 quae
811 4255 964 4315 Christum
987 4273 1042 4334 per
1063 4258 1234 4336 ‘populum
1257 4277 1371 4322 suumn
1394 4261 1427 4318 et

348 4332 475 4408 propter
484 4335 611 4408 peccata
625 4333 709 4392 cruci
720 4331 846 4392 affixum
857 4335 894 4394 iri
905 4335 1135 4411 praedixerunt.

427 4409 455 4468 5.
475 4411 501 4468 Ι.
516 4428 542 4468 e.
553 4411 685 4472 Ioannes
699 4413 848 4475 revelavit
860 4416 964 4474 Petro.
