3260 5020
1231 300 1304 372 231·

172 439 175 448 “
207 427 366 527 populus
391 427 429 502 in
455 429 604 500 mortem
632 426 747 499 crucis
775 448 854 498 eum
882 426 1078 502 traditurus
1115 435 1201 502 erat.
1231 429 1302 503 Sed
1388 515 1393 527 ι

212 555 322 629 quum
340 531 401 604 isti
417 529 529 626 signis
544 535 581 601 st
597 527 778 602 miraculis
792 527 868 624 ejus
887 553 1010 603 eurem
1028 554 1099 604 non
1119 533 1307 629 praebuis.

215 632 306 729 sent,
332 655 555 731 nequaquam
590 631 817 704 crucifixione
855 633 932 728 ejus
967 633 1195 728 interierunt,
1220 635 1306 732 qnia

213 745 405 834 antequam
433 733 665 828 occideretur,
686 735 762 832 jam
792 733 1019 832 interierant,
1050 760 1160 834 quum
1190 737 1305 833 signis

214 841 290 938 ejus
308 863 380 914 non
397 836 643 911 credidissent.
1303 889 1305 894 .

318 943 367 1019 Si
392 939 506 1013 fieri
545 945 727 1036 potest,
763 944 984 1014 transeat
1019 964 1135 1014 eme
1174 941 1304 1017 calix

208 1047 327 1121 iste..
350 1043 454 1134 Quod
472 1041 565 1115 dixit
581 1047 729 1138 propter
746 1039 1000 1138 infirmitatem,
1017 1067 1088 1140 qua
1105 1051 1184 1118 erat
1200 1044 1304 1118 indu-

214 1157 286 1244 tus,
304 1147 475 1246 quianon
492 1145 531 1217 in
556 1143 647 1217 laisa
673 1144 804 1240 speeie,
823 1144 942 1218 sedin
960 1147 1111 1220 veritate
1138 1169 1181 1219 ea
1201 1146 1304 1222 indu·

215 1260 276 1327 tus
293 1257 381 1324 erat.
398 1247 496 1322 Etsi
514 1247 552 1320 in
569 1246 721 1320 veritate
738 1245 900 1320 infirmus
918 1254 955 1322 et
980 1248 1184 1322 infirmitate
1202 1251 1305 1324 indu·

199 1362 275 1430 ,tus
293 1359 381 1446 erat,
398 1349 619 1454 impossibile
637 1356 715 1422 erat
731 1347 931 1422 infirmitati
948 1375 1020 1424 non
1037 1344 1164 1425 timere
1182 1361 1219 1425 et
1235 1377 1307 1427 non

218 1455 431 1556 perturbari.
459 1453 551 1544 Quia
576 1475 720 1524 earnem
745 1459 987 1550 assumpserat
1005 1461 1041 1528 et
1065 1454 1308 1529 infirmitatem

218 1557 451 1652 indueretis
476 1557 569 1628 farne
595 1554 673 1628 oibo
699 1553 864 1648 refectus,
882 1554 920 1626 in
944 1550 1080 1632 labore*
1095 1557 1309 1655 defatigatus

218 1671 253 1737 et
278 1663 315 1736 in
343 1683 467 1734 somno
494 1657 622 1731 debilis
658 1663 861 1752 compertus
896 1665 976 1754 est,
1010 1667 1047 1732 et
1072 1659 1135 1734 ubi
1169 1661 1310 1759 tempus

219 1765 344 1840 mortis
359 1786 445 1836 suae
462 1761 620 1854 advenit,
630 1758 790 1856 oportuit
802 1782 863 1831 eas
876 1783 947 1856 res,
959 1785 1050 1858 quae
1065 1763 1182 1836 earnis
1196 1771 1310 1856 erant,

216 1876 302 1942 tuno
318 1889 471 1963 ,quoque
507 1863 648 1961 perfici,
679 1885 763 1934 nam
794 1867 830 1933 et
860 1878 973 1957 angor
1011 1865 1136 1938 mortis
1176 1867 1311 1941 instan-

218 1971 266 2044 tis
284 1983 367 2044 eum
383 1966 527 2061 invasit,
545 1973 585 2038 ut
612 1964 688 2062 ejus
705 1970 836 2036 natura
860 1967 1048 2041 manifesta
1073 1968 1186 2064 fieret,
1209 1969 1313 2044 nimi-

219 2099 300 2148 rum
319 2069 413 2168 quod
431 2070 526 2142 filius
553 2074 630 2142 erat
655 2066 757 2141 Adae
784 2067 894 2162 illius,
922 2093 1031 2168 super
1052 2092 1169 2166 quern,
1196 2080 1237 2146 ut
1262 2069 1313 2145 ait

222 2174 429 2274 Apostolus,
446 2194 542 2245 mors
561 2169 808 2243 dominabatur
823 2170 848 2243 ¹.
866 2171 923 2242 Et
940 2172 1067 2246 dixit
1092 2172 1147 2245 ad
1173 2175 1311 2248 disei-

222 2277 361 2376 pulos
387 2271 759 2368 suos:Vigilate
785 2278 830 2344 et
855 2281 1000 2369 orate,
1027 2297 1080 2348 ne
1112 2275 1312 2352 intretis

223 2382 270 2454 in
293 2377 624 2454 tentationem.
645 2374 871 2471 Spiritus,
890 2373 1043 2471 ait,lii‘o
1067 2389 1313 2478 promptus

223 2490 268 2556 et
293 2488 493 2582 paratus
522 2485 613 2569 est,
641 2477 722 2550 sed
748 2499 857 2552 oraro
893 2475 1006 2552 hae'o
1033 2480 1239 2556 infirma.
1267 2483 1315 2556 Et

224 2585 256 2660 si
273 2587 311 2660 in
327 2585 440 2678 vobis,
457 2580 598 2679 quando
617 2580 763 2672 timetis,
776 2602 849 2655 non
867 2583 1016 2679 spiritus
1032 2589 1153 2658 vester
1170 2592 1235 2680 est,
1254 2587 1316 2684 qni

220 2689 338 2783 timet,
365 2687 429 2760 sed
455 2683 643 2758 infirmitas
670 2683 786 2756 earnis
812 2691 975 2781 vestrae,
1002 2682 1176 2782 quomodo
1203 2711 1270 2784 ego
1296 2713 1318 2760 a

225 2799 340 2866 morte
357 2790 470 2883 timui,
487 2785 558 2860 nisi
574 2792 615 2858 ut
632 2784 796 2858 timorem
814 2788 950 2881 mortis,
967 2811 1037 2884 quo
1056 2809 1149 2882 caro,
1168 2814 1239 2884 qua
1263 2792 1316 2865 in·

225 2895 332 2969 dutus
351 2917 441 2986 sum,
459 2889 624 2982 afficitur,
642 2887 744 2961 uobis
762 2889 986 2963 manifestum
1005 2890 1188 2967 facerem?

327 2997 367 3070 Si
384 2993 479 3069 enim
497 2992 631 3083 Simon,
648 2990 706 3062 oui
721 3014 794 3062 una
811 2991 942 3064 aneilla
967 2993 1131 3065 timorem
1157 2992 1315 3068 insusse-

224 3106 293 3192 rat,
310 3121 433 3171 omnes
458 3097 639 3170 Romanos
664 3115 737 3165 non
761 3095 892 3185 timuit,
911 3095 975 3168 sed
1001 3094 1119 3167 animo
1145 3095 1228 3170 forti
1254 3121 1315 3174 eos

224 3201 413 3301 adjuravit,
431 3207 472 3273 ut
488 3193 604 3295 eapite
620 3197 659 3269 in
675 3200 808 3270 terram
824 3220 930 3271 verso
953 3221 1035 3270 eum
1057 3197 1317 3295 crucifigerent,

230 3312 267 3380 et
283 3305 316 3380 si
333 3303 543 3400 Apostolus,
561 3301 691 3391 sciens,
710 3322 747 3371 se
765 3320 837 3372 non
855 3301 961 3375 morti
978 3300 1135 3374 naturali
1153 3301 1319 3395 depessu-

228 3431 309 3482 rum
329 3429 419 3500 esse,
438 3403 553 3479 dixit:
576 3426 591 3462 a
607 3401 735 3476 Finem
746 3402 823 3497 jam
840 3401 1004 3478 desidero
1022 3409 1059 3476 et
1075 3409 1217 3500 tempus
1239 3407 1319 3480 dor-

229 3509 387 3584 mitionis
404 3530 505 3580 meae
522 3505 611 3580 mihi
636 3505 746 3576 instat
759 3503 787 3598 ²,
809 3507 984 3602 quomodo
1010 3506 1197 3599 Dominus,
1215 3510 1316 3605 eujus

229 3612 365 3688 auxilio
383 3609 551 3708 Apostoli
567 3613 719 3682 mortem
737 3629 839 3680 suam
857 3607 1100 3706 despexerunt
1114 3611 1222 3706 juxta
1238 3633 1318 3684 ver-

228 3715 314 3788 bum
340 3715 438 3813 ejus:
469 3712 623 3786 “Nolite
648 3709 775 3782 timere
803 3733 875 3804 eos,
902 3713 964 3808 qui
988 3711 1152 3784 oooidunt
1178 3735 1319 3810 eorpus,

229 3817 384 3898 animam
402 3822 521 3889 autem
539 3815 699 3887 occidere
716 3835 789 3885 non
805 3821 983 3909 possunt„
998 3813 1039 3908 ³,
1058 3815 1244 3910 quomodo,
1267 3815 1319 3890 di-

230 3941 283 4014 oo,
301 3919 379 4017 ipse
395 3924 547 3992 mortem
563 3915 680 4014 potuit
701 3915 855 3988 timere?
880 3917 973 3990 Nam
994 3923 1030 3989 et
1046 3914 1319 4013 intempestiuus

228 4022 266 4096 in
285 4023 423 4116 timore,
440 4021 479 4094 in
496 4042 565 4117 quo
584 4041 662 4094 esse
681 4021 885 4117 putabatur,
906 4019 1042 4094 luisset.
1069 4019 1108 4094 Si
1125 4019 1255 4118 timuit,
1278 4045 1321 4096 ea

310 4211 338 4268 1.
358 4208 437 4267 Rou.
455 4211 482 4279 5,
500 4211 547 4267 14.

310 4289 339 4344 2.
361 4287 429 4344 Tru.
445 4288 472 4362 4,
487 4288 515 4344 6.

309 4367 337 4422 3.
359 4365 458 4424 Maru.
475 4367 522 4440 10,
545 4367 593 4424 28.
