3260 5020
211 501 410 593 argeutum,
429 497 568 592 quando
596 497 635 568 in
663 497 835 592 templum
862 497 1010 570 missum
1038 505 1125 590 erat,
1144 519 1208 592 per
1235 499 1301 574 hoc

210 596 467 673 sanctificatum
495 606 558 671 est.
590 600 647 675 Et
672 599 790 694 quod
818 621 867 670 eo
899 607 1113 672 emerunt
1149 605 1300 698 sepul-

211 708 345 774 turae
371 701 644 793 incumbens
671 700 810 791 accidit,
828 703 911 798 quia
937 702 1005 774 Dei
1032 723 1138 776 causa
1162 703 1228 776 hoc
1249 706 1299 778 fe·

209 803 382 896 oeruut⁴3
410 827 577 898 magnum
605 804 699 875 enim
725 804 895 884 hocerat
922 802 1141 901 mysterium,
1170 805 1209 879 Si
1234 807 1315 880 hoc-

210 912 399 1001 argentum
427 929 473 977 ex
491 905 594 978 domo
621 905 821 979 Sanetuarii
839 905 1025 997 dederunt,
1043 929 1106 980 cur
1123 929 1194 979 non
1221 917 1315 982 erat·

209 1007 263 1080 fas
288 1007 326 1079 id
354 1007 513 1102 recipere
541 1007 578 1080 in
604 1007 706 1080 illum
727 1007 964 1080 thesaurum?
989 1007 1178 1101 Pecuniae,
1203 1011 1297 1084 unda

209 1108 398 1202 dedenmt,
410 1132 473 1182 cur
491 1109 582 1182 hanc
596 1110 783 1206 pecuniam
798 1135 869 1182 non
881 1111 1012 1184 licebat
1024 1109 1128 1204 adjici
1140 1109 1166 1182 ².
1180 1111 1220 1186 Si
1237 1137 1298 1187 au-

209 1219 371 1285 tamnen
380 1211 463 1284 inde
485 1210 522 1283 id
538 1211 725 1306 dederunt,
743 1219 908 1308 poterant
930 1213 967 1284 id
985 1213 1079 1285 clare
1102 1213 1229 1287 dicere.
1251 1219 1302 1290 At

207 1336 395 1388 neronum
417 1314 485 1386 hoc
505 1321 696 1408 argentum
709 1313 824 1408 magis
847 1323 925 1388 erat
945 1309 1180 1409 immundum,
1193 1340 1300 1412 quom

208 1416 307 1488 aliud
332 1414 552 1514 argentum?
578 1418 676 1490 Num
703 1417 816 1512 magis
840 1417 1059 1490 immundum
1083 1424 1171 1510 erat,
1192 1441 1298 1514 quam

211 1517 354 1612 gladius
381 1517 539 1610 Goliath,
567 1519 628 1616 qui
654 1517 972 1592 linteoinvolutus
1004 1528 1085 1614 post
1112 1519 1225 1594 altare
1252 1523 1298 1595 ad

210 1618 304 1694 utus
331 1623 542 1717 ponebatur,
569 1643 674 1718 quam
710 1643 835 1694 aurum
862 1621 1165 1718 Aegyptiorum,
1192 1646 1309 1720 quarnw

209 1745 348 1815 aurum,
366 1723 460 1820 quod
477 1722 596 1795 David
611 1745 659 1794 ex
677 1723 841 1797 omnibus
860 1724 981 1818 regnis
999 1724 1146 1798 abstulit
1167 1733 1203 1798 et
1219 1724 1297 1800 Deo
1350 1775 1356 1784 -

209 1827 376 1919 sanavit,
388 1848 494 1922 quam
512 1824 578 1898 illa
595 1847 725 1898 corona
736 1847 817 1898 cum
835 1825 1051 1921 margaritis,
1065 1851 1171 1924 quam
1189 1849 1297 1924 super

208 1933 316 2024 eaput
333 1951 436 2000 suum
453 1927 582 2023 posuit,
597 1933 634 2027 et
650 1927 688 1998 in
705 1928 834 2024 spiritu
847 1928 1049 2001 decantavit
1063 1929 1092 2023 '⁸5
1108 1953 1214 2024 quam
1231 1929 1296 2004 illa

208 2028 303 2102 dona
318 2029 449 2120 roura,
467 2029 587 2103 oblata
604 2052 625 2101 a
642 2027 860 2122 Philistaeis‚
878 2055 968 2128 quae
987 2029 1119 2110 ibidem
1138 2039 1241 2104 erant
1257 2033 1296 2104 in

207 2132 360 2205 sacciula.
377 2133 506 2206 Nonne
524 2139 561 2204 et
578 2131 903 2205 Nabuchodonosor
926 2132 1075 2207 abstulit
1100 2134 1219 2208 omnia
1234 2159 1295 2209 ra·

208 2257 251 2306 sa
274 2233 464 2308 ministerii
481 2241 519 2305 et
545 2234 664 2332 posuit
683 2256 725 2306 ea
751 2234 788 2305 in
814 2235 916 2308 domo
944 2237 1091 2309 deorum
1119 2237 1295 2311 suorum?

206 2335 278 2410 Sed
304 2345 348 2410 et·
365 2359 482 2410 aream
500 2335 653 2409 foederis
671 2336 709 2407 in
727 2335 869 2410 domum
897 2338 1054 2434 Dagonis
1083 2339 1291 2412 intulerunt.

205 2433 300 2528 Quis
317 2445 435 2536 petest
452 2438 673 2512 immundum
698 2439 813 2512 facere
832 2448 992 2513 sanctum
1011 2448 1047 2511 et
1077 2443 1295 2515 sanctifican-

206 2540 308 2612 tem?
326 2543 377 2618 At
394 2542 424 2614 si
442 2563 520 2614 eam
538 2543 582 2614 ob
598 2563 755 2633 eausam,
768 2541 863 2638 quod
881 2544 1049 2640 seipsum
1068 2543 1185 2618 Deum
1202 2545 1294 2617 fece·

205 2649 272 2734 rat,
286 2666 412 2738 agrurn
425 2643 489 2716 illo
506 2649 654 2739 argento
668 2649 842 2737 emerunt,
859 2645 971 2719 altare
986 2668 1027 2717 eo
1047 2645 1174 2719 obduci
1192 2670 1294 2744 opor-

204 2746 312 2818 tebat.
330 2747 575 2820 Veruntamen
593 2768 664 2817 non
681 2746 748 2818 boo
767 2746 818 2818 eis
845 2748 943 2820 cordi
964 2748 1042 2839 fuit,
1062 2747 1123 2819 sed
1142 2749 1293 2844 prophe-

206 2847 276 2920 tiae
295 2847 540 2944 impletionem
557 2846 731 2945 impedire
748 2849 948 2921 voluerunt.

309 2952 516 3048 thuum
543 2951 646 3046 ipse
675 2949 965 3023 sustulisset
991 2951 1173 3044 lignum
1197 2973 1293 3024 cru·

206 3055 275 3128 cis
302 3078 412 3127 suae
432 3063 477 3126 et
499 3043 717 3143 exiisset,
743 3051 1035 3139 invenerunt
1061 3060 1107 3122 et
1132 3075 1292 3149 appre-

205 3157 473 3230 henderunt
499 3154 581 3229 illi
607 3154 758 3227 virum
794 3155 1021 3250 quendam
1058 3152 1292 3249 Cyrenen·

205 3260 386 3334 semia.
406 3259 702 3354 exgentibuset
728 3265 995 3352 posuerunt
1022 3279 1162 3352 super
1194 3279 1292 3330 eum

205 3363 386 3457 lignum
412 3361 579 3434 crucis.
606 3359 706 3432 Bene
723 3360 859 3454 lignum
880 3359 993 3434 crucis
1011 3357 1081 3454 ipsi
1100 3382 1164 3432 sua
1187 3381 1292 3457 spon-

204 3473 240 3537 te
259 3465 426 3561 gentibus
444 3463 631 3554 dederunt,
648 3485 756 3556 quum
776 3462 990 3535 rebellantes
1008 3461 1201 3534 adventum
1219 3485 1293 3534 oru-

205 3568 268 3640 nia
280 3571 378 3642 bona
391 3572 639 3663 appententem
658 3588 679 3635 a
696 3587 734 3635 se
753 3565 950 3663 rejicerent.
962 3564 1068 3636 Hunc
1087 3587 1108 3664 a
1126 3571 1164 3636 se
1184 3565 1294 3658 rejec-

204 3679 281 3744 tum
307 3671 498 3744 adventum
524 3691 570 3740 ex
597 3666 833 3740 aemulatione
863 3667 908 3740 ad
936 3674 1063 3761 gentes
1088 3665 1295 3738 transmise-

204 3780 298 3846 runt.
315 3773 374 3848 Ex
392 3770 628 3844 aemulatione
646 3791 727 3841 eum
746 3771 946 3867 rejecerunt
964 3776 999 3842 et
1025 3769 1070 3840 ad
1089 3791 1212 3842 eorum
1235 3789 1293 3840 ae·-

204 3875 434 3952 urulationem
452 3896 474 3945 a
490 3873 657 3972 gentibus
675 3879 840 3969 acceptus
860 3881 924 3965 est,
943 3872 1072 3967 etipse
1096 3895 1156 3945 eas
1173 3893 1295 3944 susee-

286 4110 311 4164 l.
333 4104 506 4180 Scilicetut
519 4102 699 4178 impleretur
714 4104 883 4180 Scriptura.

284 4186 311 4242 2.
333 4183 391 4240 Hie
405 4183 492 4240 loeus
507 4196 548 4239 ex
564 4181 630 4240 cod.
642 4181 675 4239 B.
691 4183 870 4242 emendatus
886 4186 944 4239 est.
955 4183 991 4240 ln
1004 4182 1069 4241 ood.
1085 4182 1113 4239 A
1130 4179 1294 4239 nonnullae

206 4279 299 4330 voees
314 4261 506 4320 exciderunt.

285 4341 313 4398 3.
334 4340 431 4406 Exou.
445 4341 491 4407 ll,
507 4338 535 4394 2.

247 4426 265 4436 ”
284 4419 312 4477 l.
334 4417 445 4476 Percu.
460 4417 508 4491 20,
522 4417 549 4471 4.

1096 4494 1141 4566 lt
