3260 5020
334 314 406 386 270

336 444 483 537 sionem,
502 449 691 542 antequam
710 450 906 540 pateretur,
929 450 965 514 et
991 467 1091 516 suam
1119 445 1427 536 resurrectionem,

258 563 261 568 ·
335 554 526 642 autequam
553 543 770 642 resurgeret,
788 549 838 618 ita
858 547 925 619 hoo
952 547 1028 620 loco
1055 543 1300 620 ascensionem
1326 573 1429 622 suam

334 649 448 722 voluit
474 649 692 744 praedicere.
718 650 914 745 Postquam
940 651 1060 746 itaque
1089 651 1202 724 dixit:
1224 651 1343 725 “Noli
1370 675 1428 726 me

338 758 488 847 tangere
506 792 534 844 a,
555 775 648 826 nova
674 753 890 849 praedicatio
927 754 1145 826 ascensionis
1177 755 1254 849 ejus
1292 755 1429 828 Mariae

336 860 412 926 tota
430 863 466 926 et
493 856 601 952 plena
618 857 765 952 obtigit,
784 858 835 930 ait
861 856 956 928 enim
971 881 980 928 τ
998 857 1138 949 Vade,
1166 856 1240 928 dio
1266 857 1428 932 fratri·

334 959 418 1030 bus
447 959 598 1032 meis:
636 961 854 1034 Ascendo
890 961 943 1032 ad
979 958 1166 1032 Patrem
1204 982 1348 1032 meum
1384 969 1429 1034 et

336 1060 390 1131 ad
417 1061 607 1134 Patrem
635 1070 845 1135 vestrum
882 1070 927 1134 et
953 1062 1006 1134 ad
1041 1062 1185 1134 Deum
1211 1086 1356 1135 meum
1382 1071 1431 1136 et

306 1163 560 1236 ,adDeum
587 1172 809 1238 vestrum.
838 1165 1088 1238 DicitzNoli
1114 1188 1181 1238 me
1213 1172 1427 1260 tangere,

336 1265 447 1361 quia
484 1267 684 1340 noudum
724 1268 920 1340 ascendi
960 1267 1015 1342 ad
1042 1267 1232 1342 Patrem
1272 1292 1426 1344 meum.

335 1369 383 1447 Et
400 1391 480 1442 ecee
500 1369 680 1468 Cleophae
699 1379 735 1444 et
753 1371 846 1444 socio
865 1371 942 1468 ejus
960 1371 1144 1444 benedixit
1161 1376 1199 1442 et
1216 1394 1296 1444 cum
1322 1371 1428 1445 disci-

335 1470 433 1566 pulis
452 1474 681 1546 manducavit
699 1482 735 1546 et
753 1473 910 1548 Thomae
927 1474 1022 1546 latus
1042 1498 1149 1564 suum
1164 1474 1344 1570 ostendit;
1364 1498 1427 1549 our

339 1597 426 1668 ergo
444 1575 630 1672 impedivit
648 1576 811 1670 Mariam,
830 1601 874 1649 ne
901 1577 1019 1673 ipsum
1046 1577 1240 1673 tangeret?
1258 1577 1426 1652 Forsitan

259 1696 262 1703 ·
303 1719 311 1754 κ,
335 1677 419 1770 quia
437 1701 514 1749 eam
533 1679 659 1752 Ioanni
686 1704 750 1776 pro
778 1704 815 1752 se
842 1680 1048 1754 tradiderat.
1069 1679 1242 1773 “Mulien
1260 1680 1320 1774 ait,
1343 1703 1426 1753 ecce

338 1779 433 1852 filius
452 1787 565 1855 tuus„
584 1782 607 1855 ¹.
626 1786 798 1857 Attamen
814 1805 880 1856 neo
906 1783 1058 1879 primum
1086 1783 1227 1878 signum
1255 1783 1322 1856 fuit
1349 1783 1425 1857 sine

336 1903 389 1974 ea,
408 1906 474 1955 neo
491 1884 631 1957 initium
658 1885 813 1982 sepulcri
831 1885 907 1958 sine
925 1885 1007 1958 ea2.
1026 1884 1128 1959 Licet
1154 1908 1234 1958 eum
1252 1910 1325 1960 non
1349 1888 1451 1960 tan?
1504 1900 1507 1905 ’

337 1993 450 2079 geret,
469 1989 665 2062 confortata
684 1999 802 2062 tamen
820 1996 885 2061 est.

439 2089 651 2164 Nondum
701 2091 897 2164 ascendi
937 2091 991 2163 ad
1033 2089 1224 2164 Patrem
1272 2116 1425 2166 meum.

335 2191 478 2265 Falsam
497 2193 698 2290 opinionem
717 2195 855 2268 Mariae
875 2217 938 2267 suo
956 2215 1127 2292 responso
1146 2195 1302 2268 refutare
1328 2195 1427 2268 ‘vide-

333 2300 403 2368 tur.
435 2295 614 2369 Docuerat
644 2320 733 2390 eam,
766 2297 858 2370 sieut
886 2304 922 2368 et
948 2296 1153 2394 discipulos,
1181 2321 1218 2370 se
1237 2297 1283 2369 ad
1309 2297 1426 2372 coelos

335 2421 578 2490 ascensurum,
597 2400 633 2474 iu
653 2399 722 2472 fine
751 2400 875 2472 mundi
902 2399 939 2482 in
966 2423 1113 2496 corpore
1131 2408 1320 2474 venturum
1339 2407 1376 2473 et
1390 2401 1427 2473 ei

333 2501 620 2595 donapromissa
640 2501 805 2576 daturum
825 2526 914 2575 esse.
933 2503 981 2574 Et
999 2503 1083 2598 quia
1096 2501 1213 2576 Maria
1230 2527 1278 2576 ex
1295 2503 1428 2600 impro-

333 2602 410 2675 viso
438 2625 518 2674 eum
544 2612 772 2698 cognoverat,
789 2629 890 2679 mens
917 2607 994 2702 ejus
1021 2605 1067 2677 ad
1092 2606 1324 2679 novissimum
1352 2607 1428 2703 ejus

312 2707 528 2809 ‘adveutum
554 2709 703 2804 abrepta
729 2715 795 2801 est,
823 2717 860 2781 et
886 2708 1045 2805 putavit,
1071 2732 1222 2804 regnum
1248 2708 1427 2782 coelorum

334 2808 534 2882 advenisse.
562 2809 649 2908 Ideo
676 2811 791 2884 dixit:
822 2810 1021 2886 “Nondum
1050 2812 1194 2884 ascendi
1215 2812 1261 2885 ad
1279 2811 1425 2885 Patrem

332 2934 451 2998 meum
468 2950 496 2986 n.
514 2911 639 3007 Porro,
666 2914 750 3010 quia
776 2915 953 3007 Christus,
971 2937 1063 2986 novo
1082 2915 1186 2987 modo
1212 2921 1328 3008 natus,
1353 2915 1428 3012 pri·

333 3014 536 3110 mogenitus
555 3023 675 3088 estex
695 3018 870 3112 sepulcro,
889 3041 958 3114 quo
977 3022 1104 3112 gentes
1122 3024 1159 3089 et
1177 3017 1428 3112 generationes

332 3124 370 3190 et
386 3119 550 3191 nationes
577 3119 769 3214 intereunt,
786 3145 852 3218 per
877 3122 944 3194 hoc
971 3120 1103 3214 docuit,
1130 3119 1225 3216 quod
1245 3121 1283 3194 in
1306 3143 1426 3210 resur·

331 3221 488 3293 rectione
506 3243 578 3294 non
596 3229 717 3318 patres
732 3224 777 3296 ad
795 3223 898 3316 filios,
916 3246 983 3296 neo
1001 3223 1066 3296 filii
1084 3223 1129 3312 ad
1146 3231 1268 3321 patres
1286 3247 1325 3296 se
1342 3247 1427 3296 cou-

331 3328 483 3416 vertent,
502 3324 565 3398 sed
584 3348 706 3397 omnes
733 3327 780 3398 ad
805 3327 872 3398 hoo
897 3350 1019 3419 unum,
1036 3349 1122 3400 num
1149 3327 1251 3422 digni
1272 3325 1358 3421 sint,
1384 3334 1426 3400 ut

332 3449 399 3520 per
419 3427 699 3500 misericordiam
718 3429 911 3504 ascendant
928 3429 971 3504 ad
990 3429 1147 3504 Patrem.

437 3528 565 3602 Vado
592 3531 646 3603 ad
673 3531 863 3604 Patrem
889 3556 1034 3605 meum
1061 3541 1105 3605 et
1130 3533 1317 3606 Patrem
1348 3555 1421 3605 ve-

320 3638 491 3724 strum,
510 3630 653 3706 Deum
679 3659 824 3708 meum
850 3635 1055 3708 etDeum
1076 3642 1297 3710 vestrum.
1317 3635 1421 3726 Quod

334 3735 365 3808 si
383 3733 444 3829 ita,
462 3741 503 3806 ut
521 3737 695 3834 scriptum
713 3743 778 3832 est,
796 3738 1023 3834 intelligitur,
1032 3745 1117 3811 tune
1133 3740 1242 3812 Pater
1260 3738 1298 3808 in
1315 3737 1424 3810 coelis

332 3843 397 3930 est,
415 3859 487 3910 non
514 3835 633 3912 autem
658 3841 696 3914 in
723 3849 829 3915 terra.
865 3842 904 3914 Si
927 3841 1082 3939 enimin
1108 3848 1206 3915 terra
1232 3847 1339 3933 esset,
1361 3843 1441 3914 cur'

332 3939 446 4013 Filius
466 3941 504 4012 in
523 3941 660 4016 eoelum
678 3945 822 4020 abiret?
841 3945 881 4020 si
898 3944 997 4038 dicis,
1016 3944 1148 4020 Filium
1165 3945 1203 4017 in
1230 3942 1329 4016 coelo
1351 3966 1423 4032 non

361 4225 373 4234 '
410 4143 902 4303 i.Isii1iui9e’si6:'eimtprimum
918 4227 1038 4300 signum
1049 4226 1152 4286 Canae
1166 4228 1197 4286 in
1212 4225 1354 4284 Galilaea
1362 4235 1424 4284 noa

329 4299 509 4440 zmefignatre
522 4301 646 4362 Domini
668 4302 784 4364 factum
799 4312 857 4382 est,
871 4309 915 4366 ita
934 4323 991 4366 nce
1017 4305 1118 4364 exitus
1133 4323 1173 4366 ex
1200 4304 1343 4381 sepulcro
1357 4302 1423 4370 sino
