3260 5020
334 335 407 406 276

440 461 615 534 Pietatem
643 461 745 554 quasi
772 460 887 532 Deum
924 461 999 533 oole
1018 459 1048 530 ¹.
1077 459 1173 534 Scito
1208 462 1340 533 bonum
1373 485 1429 536 es-

332 589 382 660 se,
410 569 541 640 bonum
567 564 695 655 facere,
723 569 759 634 11
785 565 978 660 perpende,
1010 563 1144 634 malum
1172 586 1263 656 esse,
1294 565 1446 661 cogita

332 693 373 740 re
400 667 551 759 malum3
579 689 812 763 quaecunque
850 667 945 738 enim
980 665 1127 760 cogitas,
1153 666 1238 741 licet
1272 690 1344 740 non
1378 669 1429 741 fa·

332 771 425 863 cias,
461 778 582 842 tamen
616 769 731 862 mala,
757 792 849 864 quae
885 767 1042 864 cogitas,
1068 768 1170 863 quasi
1206 769 1430 844 characteres

330 875 449 946 animo
477 879 540 944 tuo
566 871 833 969 imprimuntur,
867 873 928 944 sed
957 879 993 943 11
1018 871 1137 965 imago
1162 874 1338 946 bonorum
1364 874 1430 947 tibi

331 976 506 1072 inscripta
531 982 661 1048 manet.
697 975 815 1046 Homo
842 977 955 1047 bonus
982 975 1085 1069 quasi
1119 991 1222 1048 mens
1256 976 1328 1048 Dei
1362 983 1429 1070 est,

330 1087 368 1151 11
394 1079 599 1152 intellectus
633 1101 764 1150 aroana
789 1078 975 1173 inquirens
1001 1077 1176 1178 propheta
1202 1085 1257 1150 est
1288 1079 1340 1151 eis
1367 1077 1429 1175 qui

41 1153 44 1162 ¹
108 1159 139 1272 ¹,
196 1205 220 1230 ²
333 1182 414 1278 ipso
441 1181 613 1275 indigent.
655 1180 725 1268 Qui
751 1181 878 1254 relicta
900 1179 1058 1252 ‚veritate
1086 1180 1130 1251 ad
1166 1181 1322 1276 speciem
1352 1181 1429 1277 ejus

333 1285 476 1380 refugit,
495 1285 563 1356 hoc
589 1283 708 1378 ipsum
735 1283 913 1378 refugium
939 1307 1018 1354 eum
1039 1282 1146 1354 morti
1171 1284 1299 1356 tradet.
1327 1283 1430 1357 Divi-

331 1387 413 1482 tias,
448 1411 538 1482 quas
572 1407 786 1459 conservare
821 1409 892 1458 non
927 1393 1041 1481 potes,
1069 1409 1091 1456 a
1121 1385 1198 1458 Deo
1232 1410 1279 1458 ne
1313 1394 1428 1483 petas,

246 1553 251 1564 ,,
331 1491 416 1584 quia
443 1490 537 1561 dona
553 1489 623 1561 Dei
640 1513 712 1561 nou
738 1487 959 1560 auferuntur.
985 1487 1116 1560 Excita
1141 1489 1295 1564 animam
1317 1499 1428 1584 tuam,

330 1600 372 1663 ut
399 1591 576 1688 sapientia
592 1592 625 1663 ei
651 1591 766 1663 indita
793 1615 836 1663 ea
861 1613 951 1686 quae
975 1591 1086 1686 digna
1113 1599 1208 1684 sunt,
1234 1615 1429 1686 cognoscas

331 1703 368 1766 et
395 1695 511 1768 libera
527 1695 725 1786 voluntate,
742 1718 813 1788 qua
839 1693 903 1764 illa
928 1693 1051 1788 pollet,
1070 1695 1303 1790 quodcunque
1321 1721 1427 1792 prae·

331 1804 473 1892 ceptum
503 1804 569 1890 est,
595 1795 747 1870 1111111.
774 1795 878 1884 Quod
904 1796 944 1868 lit
978 1797 1023 1868 ad
1050 1805 1205 1870 mentem
1241 1798 1429 1893 malorum,

330 1897 398 1972 hoc
424 1921 491 1994 per
527 1923 566 1972 se
601 1901 705 1996 pejus
741 1909 797 1970 est
822 1899 907 1971 illis.
934 1900 1078 1992 Verba,
1108 1925 1199 1996 quae
1234 1925 1307 1973 non
1343 1909 1428 1975 sunt

332 2009 467 2095 sancta,
493 2025 566 2075 vox
592 2010 676 2076 1111
702 2008 738 2074 11
765 2002 912 2076 sonitus.
939 2002 1149 2076 Verbositas
1175 2004 1331 2099 peccatis
1353 2028 1426 2078 non

331 2113 441 2199 earet,
467 2106 571 2178 multi
599 2129 782 2178 sermones
809 2105 979 2177 indicium
1007 2113 1091 2178 sunt
1122 2106 1284 2180 delectus
1310 2108 1439 2180 consi·

329 2207 371 2280 lii
399 2215 435 2280 et
461 2208 682 2304 disciplinae.
708 2207 896 2279 Platonem
919 2207 1004 2280 sooii
1032 2208 1110 2302 sui,
1135 2209 1293 2282 Socratis
1320 2209 1426 2282 disci·

330 2311 419 2406 puli,
446 2311 726 2406 interrogarunt,
753 2309 839 2406 quid
866 2334 912 2382 111
939 2311 1042 2384 bonis
1076 2311 1323 2408 praecelleret
1356 2313 1427 2402 Qui

327 2413 447 2486 dixit:
475 2413 637 2486 Primum
665 2419 721 2485 111
757 2412 952 2508 sapientia,
978 2415 1145 2508 quoniam
1159 2477 1161 2480 .
1175 2414 1335 2512 reliquae
1362 2439 1422 2489 res

331 2517 553 2610 auferuntur,
568 2527 604 2588 et
616 2516 728 2588 cuivis
746 2515 799 2587 rei
813 2516 884 2588 alia
901 2539 960 2587 res
975 2516 1204 2590 adversatur:
1221 2518 1427 2614 opulentiae

326 2625 532 2714 paupertas,
559 2619 672 2692 amori
689 2641 796 2710 mors,
816 2617 952 2713 gloriae
971 2619 1174 2712 aemulatio,
1191 2621 1311 2694 robori
1328 2647 1423 2694 mor·

324 2721 402 2793 bus.
431 2721 625 2816 Opulentia
650 2727 769 2794 antem
795 2721 926 2794 mentis
955 2722 1173 2818 sempiterna
1200 2730 1273 2818 est,
1290 2723 1423 2796 divites

324 2824 530 2898 consolatur
556 2825 593 2897 in
619 2824 802 2897 laboribus
834 2825 1059 2918 divitiarum,
1086 2848 1263 2921 pauperes
1299 2826 1418 2900 suble·

322 2934 383 2999 vat
410 2935 446 2999 et
468 2952 495 3000 a
520 2927 708 3001 desideriis
734 2928 908 3021 egestatis
932 2929 1073 3020 liberat,
1096 2928 1255 3001 seniores
1281 2929 1420 3002 eonfor-

324 3035 388 3122 tat,
407 3049 539 3127 pueros
557 3031 706 3103 oonsilio
723 3030 818 3124 regit
837 3039 874 3102 et
884 3031 1111 3126 juventutem
1138 3031 1289 3127 mitigat.
1319 3033 1421 3105 Non·

325 3155 530 3230 numquam,
550 3134 818 3207 occurrentibus
845 3133 1148 3227 tribulationibus,
1167 3135 1268 3230 quasi
1293 3135 1331 3206 in
1355 3158 1419 3206 na-

327 3232 425 3330 vigio
451 3243 628 3328 versatur,
655 3238 739 3332 quia
764 3228 880 3309 virtris
907 3245 973 3330 est,
1000 3261 1093 3332 quae
1119 3238 1239 3309 omnia
1265 3245 1422 3334 superat.

430 3339 565 3412 Facilia
591 3339 763 3430 Domino,
790 3361 881 3433 quae
907 3339 1017 3413 'nobis
1053 3339 1224 3434 difficilia,
1252 3347 1289 3412 et
1314 3363 1423 3436 expe·

327 3439 413 3532 dita,
432 3465 522 3536 quae
541 3442 643 3515 nobis
670 3441 916 3539 impossibilia,
943 3442 1138 3538 sicutipse
1165 3467 1231 3516 suo
1258 3441 1426 3538 exemplo

325 3543 367 3624 in¹
390 3544 506 3638 primo
533 3546 690 3617 adventu
716 3567 781 3616 nos
809 3544 949 3636 docuit,
978 3544 1040 3641 qui
1066 3544 1134 3616 fuit
1160 3545 1199 3618 in
1223 3542 1425 3620 humilitate

328 3651 364 3718 et
390 3646 520 3742 plenus
556 3647 703 3743 gratiae.
731 3647 790 3719 Et·
806 3647 963 3720 ostendit
988 3647 1107 3740 nobis,
1134 3649 1306 3744 majorem
1341 3671 1422 3720 esse

324 3773 512 3824 numerum
530 3750 742 3848 petitionum
768 3755 983 3842 nostrarum,
1001 3773 1107 3846 quam
1125 3773 1193 3824 nos
1218 3749 1321 3824 effari
1338 3772 1420 3847 pos·

406 4060 432 4111 l.
453 4055 558 4114 Verba
577 4058 702 4116 Auober
726 4056 770 4114 sic
794 4056 910 4114 reddit:
923 4055 1079 4116 Pudorem
1103 4055 1186 4131 time,
1202 4056 1283 4114 sicut
1305 4056 1417 4114 Deum.

325 4131 363 4188 Iu
379 4133 444 4190 cod.
460 4135 573 4192 Bbaeo
586 4137 693 4210 verba,
707 4138 832 4212 atquae
846 4151 944 4210 usque
958 4153 1029 4212 pag.
1040 4137 1109 4206 251,
1124 4135 1176 4194 lin.
1188 4137 1227 4194 28
1241 4139 1423 4212 sequuntur,

328 4210 359 4268 h.
375 4209 393 4266 l.
410 4211 990 4290 (11111111111111111111258111111
1009 4218 1089 4272 sunt.
1106 4213 1280 4274 contextus
1306 4230 1422 4274 sermo-

327 4289 376 4348 nis
389 4289 489 4348 ordini
504 4289 620 4348 codicis
632 4292 661 4351 A
674 4291 768 4349 favet.

408 4386 439 4442 2.
459 4382 508 4445 Sic
522 4384 553 4444 in
568 4385 636 4446 eod.
648 4387 684 4446 B.
698 4385 735 4445 In
750 4382 818 4446 cod.
831 4385 861 4445 A
874 4382 953 4445 falso
967 4402 1023 4462 pro
1037 4411 1076 4460 πμ
1090 4383 1139 4444 111
1153 4408 1202 4456 ¹¹2:
