3280 5028
1223 309 1290 382 121

217 433 320 538 ιιιιιι
347 435 396 510 Et
413 435 594 534 respondit
612 437 675 532 eis,
696 435 762 510 hoo
780 459 868 535 opus
886 460 964 510 esse
982 436 1126 533 inimici,
1143 462 1214 514 non
1231 463 1293 512 au·

217 539 287 614 tem
305 565 395 638 opus
414 566 526 614 suum.
554 541 592 614 Si
610 545 689 638 quis
709 567 754 615 ex
771 542 872 616 nobis
890 549 954 635 est,
981 549 1019 642 et
1042 543 1135 616 inter
1157 543 1294 616 zizania
1366 571 1370 598 ι

217 647 294 718 vult
310 645 492 742 plantari*
512 647 773 740 interrogamus
792 669 889 718 eum:
909 646 948 719 si
960 643 1146 719 Beneficus
1165 669 1211 718 ex
1230 671 1293 720 suo

219 750 351 822 semine
367 749 553 822 seminavit
570 750 607 821 in
624 757 794 846 asporta,
821 772 911 844 quae
930 751 973 823 ab
991 750 1068 847 ipso
1087 747 1152 844 ιιι,
1181 749 1294 822 sihor

219 851 269 924 ita
286 859 351 947 est,
378 855 473 925 dicat
498 853 611 943 nobis,
638 877 746 949 quare
764 876 836 926 una
853 877 937 951 pars
954 854 1060 952 hujus
1087 853 1231 927 seminis
1250 857 1294 928 ab

217 979 256 1028 eo
274 957 448 1030 seminata
465 957 628 1030 etaltera
644 981 728 1052 pars
747 957 793 1032 sit
811 957 1045 1030 seminanda?
1065 958 1104 1032 Si
1122 963 1239 1030 autem
1258 957 1295 1030 in

215 1069 315 1157 parte
333 1061 464 1134 diaboli
482 1059 679 1154 seminavit,
699 1061 729 1133 si
744 1062 810 1134 hoo
825 1061 876 1132 ita
889 1067 954 1154 est,
973 1061 1160 1134 seminavit
1177 1061 1292 1133 Bene·

182 1213 183 1216 =
215 1165 336 1238 fieus
326 1187 363 1236 m
389 1164 505 1236 medio
532 1164 747 1237 zizaniorum
774 1171 834 1236 aut
820 1165 905 1237 tad
932 1161 1110 1240 diabolum
1136 1173 1215 1262 pert
1203 1165 1292 1238 tinet

218 1267 458 1364 manipulus2.
1329 1341 1334 1350 .

316 1371 497 1444 Rursus
533 1371 690 1444 simile
727 1377 798 1444 est
832 1395 1025 1490 regnum
1062 1396 1206 1467 grano
1234 1374 1288 1447 si-

215 1473 393 1572 napis⁵,
417 1475 534 1577 quod
557 1482 619 1549 est
640 1476 875 1548 minimum
897 1476 1096 1550 omnium
1119 1501 1291 1550 semen·

215 1586 315 1650 tum
335 1580 415 1652 Hoo
428 1581 471 1652 de
485 1603 594 1678 parvo
607 1579 709 1652 initio
723 1579 995 1676 praedicationis
1011 1579 1290 1675 dixitutillud:

214 1683 354 1756 «Nes
328 1690 453 1756 timeas
457 1683 644 1781 p,usit]us
672 1682 823 1779 grenta.
850 1685 907 1757 nt
892 1684 974 1756 tsi
1001 1686 1289 1780 germinave-

212 1787 285 1879 rit,
308 1741 485 1862 oresoit
509 1796 548 1860 et
574 1788 636 1860 fit
663 1790 800 1860 arbor
828 1796 868 1860 et
895 1787 957 1860 iit
983 1790 1130 1886 majus
1154 1791 1291 1864 omni-

212 1893 294 1963 bus
322 1891 442 1965 oleri
454 1895 545 1986 bus,
564 1893 647 1987 quia
659 1891 825 1988 regnavit
837 1891 1073 1985 Evangelium
1088 1894 1164 1990 ejus
1176 1919 1288 1992 usque

211 1995 257 2066 ad
285 1994 414 2067 finest
399 2003 525 2069 t.errae
556 1997 632 2068 “In
649 2015 788 2068 omnem
810 2003 953 2113 terram,
980 1995 1041 2090 ait,
1069 1997 1156 2070 exiit
1183 2021 1290 2072 sonus

210 2099 493 2185 annunciationis
528 2099 677 2172 ιιοιιιιιιι
683 2140 709 2175 a.
737 2099 792 2195 Et
829 2099 1027 2173 veniunt
1065 2102 1289 2176 volueres

212 2203 336 2274 ooeh
363 2211 407 2276 e
392 2203 650 2277 thabitant
636 2205 722 2276 tin
747 2203 889 2276 ramis
917 2204 1029 2300 ejus,
1048 2213 1133 2300 gen
1135 2229 1172 2278 es
1118 2205 1288 2278 tadef

209 2306 343 2402 tigatae
370 2305 556 2402 quieseunt
580 2308 618 2379 in
645 2308 724 2382 fide.
754 2329 769 2364 n
787 2308 929 2400 Venite,
947 2307 1007 2400 ait,
1026 2309 1071 2380 ad
1090 2333 1146 2382 me
1165 2333 1286 2382 omues

209 2411 395 2506 defatigati
407 2409 455 2486 6η.
475 2413 513 2486 Si
530 2411 703 2484 Dominus
731 2433 776 2482 ex
801 2411 953 2507 Virgine
977 2433 1048 2483 non
1065 2421 1169 2486 natus
1188 2421 1224 2484 et
1243 2438 1289 2488 ex

208 2515 360 2608 Virgine
378 2537 449 2588 non
466 2523 564 2588 ortus
583 2516 666 2588 etsi
683 2539 753 2588 non
770 2539 897 2612 passus
916 2522 1021 2608 esset,
1039 2517 1191 2590 animam
1211 2517 1287 2614 ejus

207 2642 412 2716 comparare
426 2627 572 2718 possent
589 2644 666 2692 oum
684 2619 831 2713 volueri,
851 2620 1000 2716 quaeda
1019 2620 1117 2694 eaelo
1134 2621 1233 2696 venit
1251 2629 1287 2695 et

292 2903 319 2957 1.
341 2898 452 2958 Sensus
468 2899 530 2956 est:
545 2897 575 2958 si
589 2898 655 2974 quis
667 2899 783 2958 anobis
797 2900 836 2957 ad
849 2897 1021 2960 haereticos
1031 2897 1216 2956 transiturus
1231 2899 1289 2956 ast.

290 2981 317 3036 2.
339 2979 452 3036 Sensus
467 2977 664 3037 essevidetur
675 2998 681 3035 :
691 2978 721 3036 si
734 2979 817 3036 Deus
832 2975 1290 3053 bonusunumidemquesemen

206 3075 312 3150 suum,
331 3077 373 3115 so·
388 3057 532 3149 triticum,
552 3057 583 3114 in
603 3071 677 3128 agro
692 3074 747 3116 suo
763 3056 931 3127 seminavit,
954 3072 1048 3130 quare
1067 3075 1156 3114 unam
1169 3074 1223 3132 par
1226 3059 1287 3114 tem

205 3137 330 3196 seminis
349 3137 443 3272 prtum,
465 3140 496 3193 et
517 3136 644 3194 alteram
663 3137 732 3210 post
734 3153 771 3194 ea
785 3135 981 3204 ιιιιιιιιιιιιι,Ι
974 3153 993 3192 ι.
1007 3152 1034 3192 e.
1050 3153 1104 3193 our
1118 3135 1287 3193 doctrinam

175 3248 178 3250 ·
204 3220 344 3274 veterem
359 3221 390 3273 et
403 3220 491 3292 apost
479 3215 601 3274 otlioam
615 3214 712 3306 primo
723 3215 753 3271 in
761 3213 903 3272 mundum
917 3213 1009 3288 misit
1024 3215 1055 3272 et
1068 3219 1177 3290 postea
1187 3215 1287 3287 aliam,

144 3313 146 3316 ·
205 3296 327 3354 scilieet
355 3313 422 3352 eam
445 3312 532 3370 quam
560 3293 675 3352 haere
655 3297 708 3351 ror
734 3311 838 3352 veram
854 3291 970 3351 habant
957 3295 991 3352 ι1
1012 3293 1119 3352 Nonne
1135 3311 1225 3352 unum
1242 3311 1288 3351 se·

202 3393 276 3434 men
289 3393 377 3433 unam
393 3375 508 3432 semina
509 3372 622 3430 tionem
636 3373 762 3449 prodit?
782 3373 819 3431 Id
833 3390 906 3448 ergo
921 3370 1003 3448 quod
1015 3372 1132 3430 haaret'
1125 3391 1165 3430 ror
1157 3373 1286 3450 postea

204 3459 417 3530 surrexerunt,
396 3451 550 3524 tindioat,
563 3469 615 3510 eos
626 3469 685 3510 non
698 3467 765 3510 essa
778 3471 817 3510 ex
828 3451 878 3510 illa
889 3469 950 3508 nna
961 3451 1161 3510 seminatione
1172 3452 1286 3510 Patris.

202 3533 348 3592 Siautem
361 3551 422 3591 non
438 3495 616 3601 concedunt,
636 3529 789 3590 doctrinas
810 3548 907 3589 novas
922 3529 1050 3588 aDeo
1042 3549 1072 3588 m
1094 3549 1130 3588 ea
1143 3532 1264 3607 parte,
1256 3550 1287 3588 m

201 3631 265 3688 qua
278 3611 343 3688 ipse
358 3612 527 3684 seminavit,
540 3573 703 3668 seminatas
718 3629 797 3684 esse,
822 3612 1043 3684 consequenter
1059 3608 1209 3668 affirmare
1236 3610 1287 3668 de·

200 3691 287 3763 bant,
310 3707 362 3748 eas
377 3707 395 3748 a
408 3690 501 3748 Deo
493 3708 525 3746 ιιι
548 3707 584 3746 aa
597 3691 684 3764 parte
705 3691 868 3748 seminatas
890 3705 968 3761 esse,
991 3705 1069 3764 quaa
1090 3687 1203 3747 diaboii
1225 3692 1283 3761 est,

200 3733 322 3828 soilidet
334 3770 414 3828 inter
428 3769 552 3842 zizania,
562 3771 615 3825 aut
626 3769 794 3827 conradere
806 3767 927 3841 debent,
937 3768 1018 3826 hune
1029 3767 1214 3842 manipulum
1230 3786 1284 3825 no·

200 3866 311 3908 varum
326 3849 532 3908 doctrinarum
546 3864 606 3904 non
620 3864 660 3904 ex
673 3847 740 3922 Dei,
754 3847 809 3906 sad
832 3865 872 3905 ex
886 3845 999 3908 diaboli
1013 3845 1212 3904 seminatione
1228 3864 1281 3904 ex-

199 3933 303 3987 οιιιιιιι
317 3945 396 3986 esse.
410 3929 449 3986 In
460 3929 548 3984 textu
569 3925 650 3983 edito
670 3927 721 3986 lin.
738 3929 772 3984 18
786 3945 842 4002 pro
862 3929 1057 4000 uwtfflsswg
1081 3924 1241 3984 “definivit
1254 3955 1288 3998 ι,

199 4008 263 4065 atsi
276 4013 404 4084 uterque
420 4005 519 4066 codex
530 4005 562 4062 id
576 4004 697 4078 habeat,
712 4005 871 4078 legendum
885 4009 952 4063 est:
968 4009 1153 4082 ubpurmidrmJ
1170 4005 1290 4064 “semia

199 4087 288 4146 navit
300 4117 326 4159 ι,
341 4091 375 4143 ut
384 4087 448 4162 jam
463 4085 587 4143 Anoher
598 4083 713 4142 monuit
727 4088 758 4142 et
771 4087 935 4144 contextus
949 4084 1093 4162 postulat.

278 4169 306 4230 3.
326 4166 413 4224 Haeo
428 4183 490 4223 vox
505 4164 535 4221 iu
550 4163 615 4222 eod.
631 4164 658 4222 A
673 4163 769 4222 deest.

278 4248 305 4302 4.
327 4244 400 4303 Lus.
417 4247 463 4317 12,
478 4245 525 4302 32.

279 4324 308 4380 5.
329 4325 417 4381 Ριιι..
434 4326 480 4396 18,
495 4325 512 4380 4
527 4324 559 4378 ot
570 4321 610 4392 ad
623 4320 699 4380 Rois.
716 4323 762 4396 10,
780 4323 826 4379 16.

284 4405 311 4459 6.
334 4403 432 4461 Maru.
449 4405 495 4477 11,
509 4403 557 4458 28.
