3260 5020
205 447 385 554 Ephraem
396 477 467 530 non
480 463 535 530 est
547 457 705 534 ablatum
717 456 742 550 ⁴,
752 449 989 557 quopatebat,
1000 457 1134 554 aliquid
1148 459 1185 532 in
1198 458 1294 536 tribu

204 559 301 646 Juda
312 561 560 636 absconditum
577 561 697 635 luisse.
715 561 847 635 Videat
864 585 962 656 ergo,
980 585 1066 634 num
1087 561 1124 634 id
1141 563 1236 658 quod
1254 565 1306 636 in·

205 661 285 758 ipsa
301 663 447 757 latebat,
463 663 568 738 hodie
586 665 702 737 adhuc
718 663 757 736 in
775 688 817 738 ea
835 671 946 758 extet,
964 665 1127 759 idemque
1149 665 1212 761 qui
1230 687 1292 740 an·

204 772 264 837 tea
282 789 423 862 semper
439 767 517 859 fuit,
536 766 567 839 ei
581 767 694 841 honor
711 768 904 840 servetur?
923 767 1026 856 Quod
1040 768 1072 838 si
1084 767 1160 862 jam
1178 769 1292 843 honor

204 869 280 964 ejus
298 869 427 942 nullibi
452 876 518 962 est,
535 869 600 942 illa
613 877 765 966 'qrmque
791 870 980 942 manifesta
1007 869 1163 970 expiatio
1186 875 1231 945 ab
1250 891 1293 946 ea

202 969 323 1044 ablata
340 980 406 1065 est,
423 987 513 1068 quae
532 972 569 1044 in
588 995 630 1046 ea
646 972 852 1054 abscondita
870 978 958 1066 erat,
976 977 1012 1044 et
1030 972 1114 1066 quia
1139 974 1227 1046 haec
1253 974 1306 1047 in'

204 1075 372 1166 gentibus
390 1074 660 1168 recondebatur,
678 1076 790 1148 honor
807 1097 946 1171 quoque
966 1075 1042 1170 ejus
1060 1098 1139 1148 eam
1167 1089 1293 1174 seque·

203 1177 318 1250 batur.
336 1177 384 1250 Et
403 1199 496 1277 ecce,
523 1179 717 1274 prophetae
745 1177 839 1250 inter
866 1184 991 1274 gentes
1018 1179 1185 1252 continuo
1211 1193 1298 1277 pro·v

203 1277 387 1374 pheti‘cant
400 1280 426 1374 ²,
444 1281 528 1377 quia
554 1280 687 1377 scripta
712 1303 835 1353 eorum
861 1281 1226 1378 continuo-leguntur
1256 1287 1293 1356 et

204 1379 294 1454 fides
312 1383 363 1456 eis
381 1383 554 1477 habetur;
574 1391 610 1455 et
637 1385 741 1479 signa
770 1383 936 1456 continuo
963 1383 1063 1474 fiunt,
1081 1384 1165 1481 quia
1189 1387 1303 1480 signa·

203 1483 321 1578 primo
339 1493 375 1557 et
387 1487 503 1558 medio
521 1509 608 1560 aevo
625 1487 719 1560 faeta
736 1487 926 1582 perfidem
944 1486 996 1560 eis
1023 1496 1293 1583 repraesentan-

204 1591 274 1680 tur,
294 1595 331 1660 et
348 1588 520 1662 sacrificia
536 1588 703 1662 continuo
720 1588 928 1683 offeruntur,
947 1589 1039 1663 sicut
1055 1590 1120 1663 illa
1136 1589 1307 1689 priora&

205 1695 243 1761 et
259 1689 324 1762 illa
340 1690 465 1764 domus
482 1692 645 1766 Jonadab
659 1689 698 1764 ²⁴.-

234 1839 236 1842 ψ
313 1793 385 1866 Sed
411 1794 541 1868 dantur
569 1793 755 1890 quidami,
773 1795 834 1890 qui
851 1794 1010 1868 fimbrias
1041 1793 1204 1869 veritatis
1234 1819 1306 1894 ap,

205 1896 472 1990 prehenderunt
504 1898 626 1993 eisque
665 1899 798 1970 annexi
833 1897 945 1972 sunt‘5
974 1897 1123 1970 ethaeo
1148 1905 1296 1996 propter

205 1999 375 2072 virtutem
394 2006 432 2072 et
446 2000 519 2073 vim
536 2023 636 2074 suam
650 2022 711 2073 eos
724 2023 828 2075 ruere
846 2023 918 2072 non
937 2001 1030 2074 sivit.
1047 2001 1136 2074 Noli
1147 2025 1296 2099 quaere·

206 2124 246 2173 re
264 2102 335 2174 vim
355 2105 557 2198 verborum,
575 2123 726 2200 quorum
753 2125 878 2177 sensus
896 2125 1010 2198 vagus
1024 2109 1084 2176 est
1101 2111 1137 2177 et
1148 2105 1296 2178 ‘claudi-

89 2277 95 2280 .
206 2211 274 2298 cat,
294 2204 357 2278 sed
384 2206 528 2280 attende
555 2207 601 2279 ad
627 2211 835 2278 contextum
862 2229 1005 2301 eorum,
1032 2230 1102 2302 quo
1128 2207 1305 2282 nimirum

205 2315 365 2405 tempore
385 2309 547 2382 dicantur
566 2315 602 2382 et
619 2309 665 2380 de
682 2309 810 2404 quibus
829 2315 1008 2404 enarrent,
1026 2333 1093 2382 nec
1110 2311 1295 2406 confugies

205 2411 251 2484 ad
269 2411 509 2504 diverticulas,
528 2411 592 2485 sed
610 2411 656 2483 ad
683 2412 894 2507 gravitatem
915 2435 1022 2486 sanae
1044 2413 1297 2509 persuasionis.

204 2513 473 2588 Testamentum
491 2516 518 2609 ⁷,
536 2539 606 2611 quc
624 2514 780 2613 Spiritus
797 2518 958 2590 membra
985 2513 1122 2589 Christi
1139 2515 1296 2590 delinea-
1339 2533 1342 2540 '

204 2614 269 2710 vit,
283 2615 321 2688 in
339 2617 520 2710 mysteriis
538 2617 781 2692 absconditam
799 2619 876 2714 ejus
893 2619 1044 2692 formam
1065 2619 1160 2694 clare
1177 2625 1296 2694 osten-

204 2716 297 2791 diet
315 2717 452 2813 Magna
477 2720 690 2814 significarit
714 2721 928 2814 nominibus,
947 2729 983 2794 et
1001 2722 1209 2795 abscondita
1224 2745 1296 2794 veu-

204 2822 325 2919 posuit
349 2844 415 2919 per
440 2823 655 2914 manifesta,
682 2821 852 2896 indicavit
885 2831 1049 2920 tempora
1079 2831 1115 2896 et
1141 2823 1298 2896 ostendit

204 2945 391 3019 numeros,
418 2924 727 2998 ordinavit-horas
747 2932 783 2996 et
803 2932 993 3018 momenta,
1014 2932 1051 2996 et
1077 2947 1208 2998 areana
1233 2949 1311 3021 po··

204 3027 278 3100 suit
310 3029 348 3102 in
374 3027 576 3101 nominibus
611 3032 648 3098 et
683 3026 902 3123 sapientiam·
927 3028 975 3100 in'
1002 3027 1305 3125 expositionibus

205 3130 389 3227 Sapientia
405 3131 631 3226 antiquorum
648 3123 815 3226 operibus
837 3130 954 3226 magis
980 3130 1163 3226 excelluit,
1190 3155 1309 3226 quam-5

205 3235 336 3328 verbis,
355 3241 391 3308 et
408 3231 673 3307 multitudinem
692 3231 860 3305 scientiae
883 3234 965 3309 eum
986 3233 1129 3309 silentio
1153 3226 1297 3332 prae'tu-

207 3335 328 3412 lerunt
344 3335 590 3412 exercitationi
607 3335 763 3438 linguae.

238 3670 239 3676 χ
291 3605 317 3660 1.
339 3603 425 3662 Haec
449 3603 612 3662 sententia
624 3621 664 3661 ex
688 3601 755 3661 cod.
773 3602 800 3658 B
821 3607 962 3662 correcta
975 3607 1039 3674 est;
1053 3603 1084 3661 in
1099 3595 1208 3663 oodll
1224 3617 1297 3662 non·

208 3681 292 3741 nulla
306 3683 403 3740 verba
420 3679 541 3739 desunt.
1222 3687 1248 3696 ''
1300 3683 1305 3706 ¹

212 3758 215 3780 ³
289 3761 317 3817 2.
338 3760 375 3817 ln
388 3761 457 3819 cod.
471 3760 500 3817 A
515 3761 562 3816 ast
579 3757 889 3834 “prophetisabantm
903 3759 934 3816 in
959 3758 1150 3834 imperfecto,
1171 3756 1254 3835 quod
1266 3758 1296 3816 h.
1303 3783 1309 3794 r

210 3837 230 3894 l.
245 3840 280 3894 nt
295 3853 387 3914 saepe
401 3837 661 3896 continuationem
677 3835 806 3894 actionis
822 3836 1296 3912 significat.1ncod.Besttem·

209 3933 266 3993 pus
280 3932 438 3992 praesens.
452 3913 538 3972 Idem
554 3914 591 3973 de
606 3931 679 3972 mox
692 3913 893 3988 sequentibus
907 3915 1011 3975 verbis
1025 3916 1119 3974 valet.

288 3997 317 4051 3.
338 3994 364 4052 Ι.
377 4012 404 4052 e.
419 3991 575 4053 Sacrificia
589 3991 704 4068 antiqui
718 3991 875 4050 Foederis.
949 4031 952 4036 -

289 4074 318 4129 4.
338 4073 365 4130 Ι.
380 4088 408 4128 e.
419 4068 574 4130 sacrificia
587 4069 670 4128 vitae
683 4071 848 4129 asceticae.
864 4069 1056 4132 Confer-»Ina
1071 4071 1118 4146 36,
1136 4071 1197 4129 6-7.
1220 4071 1222 4075 ’
1339 4088 1344 4096 ’

288 4150 318 4208 5.
339 4149 464 4210 Scilicet
476 4167 516 4207 ex
531 4146 671 4208 Judaeis.
1246 4181 1251 4188 -

270 4255 271 4258 ¹
287 4229 328 4288 6.·
338 4228 386 4287 Ad
401 4227 545 4288 verbum:
563 4227 623 4284 eet
636 4224 778 4302 suspensi
791 4229 899 4288 sunta.

290 4307 318 4366 t.
338 4307 364 4365 Ι.
379 4325 406 4367 e.
421 4306 487 4368 Scri
510 4309 580 4364 tura
593 4303 710 4378 antiqui
723 4305 910 4365 testamenti.

288 4389 318 4447 8.
340 4385 388 4450 Sic
402 4386 433 4444 in
447 4324 516 4448 cod.
529 4383 564 4444 Β.
578 4379 696 4443 Incod.
710 4380 849 4444 Aftalsor
867 4397 881 4432 a
895 4381 1060 4446 ostendere
1074 4413 1101 4448 a.
