3280 5028
346 318 416 388 :206

345 449 437 522 dixit
465 449 587 543 ludas,
604 473 709 545 quem
739 449 922 542 Dominus,
952 449 1079 523 famem
1109 447 1278 546 pecuniae
1309 449 1347 520 in
1377 469 1419 518 eo

345 554 576 650 conspicatus,
593 559 778 649 tamquam
797 577 1023 626 oeconomum
1046 560 1081 625 et
1108 552 1238 625 sacculi
1254 558 1419 652 vportato-

344 680 430 749 rem,
446 657 615 753 pecuniae
646 657 904 752 dispensandae
936 656 1123 753 praefecit,
1148 663 1189 728 ut
1220 656 1421 750 satiaretur,

344 783 409 831 nec
426 767 570 856 propter
590 761 774 857 pecuniam
790 761 891 836 fieret
907 761 1065 834 traditor.
1084 760 1309 858 Expediebat.
1327 759 1422 832 enim

345 887 424 935 eum
446 863 557 936 furari
575 871 771 960 argentum,
786 889 890 961 quam
907 873 1099 938 creatorem
1114 863 1252 959 argenti
1268 862 1420 936 11111111.

345 966 415 1039 eui
433 967 526 1038 enim
544 968 625 1040 illic
645 991 732 1064 opus
758 976 835 1042 erat
861 968 1077 1062 sacculum-⁴,
1094 963 1154 1044 ubi
1175 973 1317 1064 praesto
1344 973 1422 1038 erat

344 1069 553 1142 miraculum
583 1073 738 1168 quinque
770 1097 899 1169 panum
928 1097 1148 1168 azymorum,
1178 1078 1239 1144 aut
1269 1069 1344 1142 uini
1373 1092 1421 1142 ex

345 1197 447 1269 aqua,
457 1180 517 1246 aut
534 1175 680 1248 remedii
698 1177 771 1249 dati
788 1177 899 1248 oeulis
916 1175 980 1248 filii
994 1176 1130 1249 Timaei
1139 1175 1165 1268 ²,
1175 1182 1236 1247 aut
1253 1173 1342 1246 illud
1356 1173 1421 1244 1111-

343 1277 514 1371 11111111111,
534 1279 627 1374 quod
654 1279 857 1352 factumest
881 1280 920 1351 111
938 1281 1119 1354 exactione
1141 1275 1421 1351 didrachmatis?
1542 1341 1547 1346 .

348 1403 363 1436 a
382 1380 502 1453 Nolite
522 1383 688 1476 gaudere,
707 1383 767 1476 ait,
784 1385 878 1479 quod
896 1383 1083 1457 daemones
1104 1382 1204 1456 vobis
1232 1379 1421 1478 subjiciun-

343 1490 404 1558 tur
418 1523 446 1576 a,
477 1485 559 1580 quia
584 1492 621 1558 et
645 1485 757 1558 Judae
784 1487 971 1560 iscariotes
985 1521 989 1547 τ-
997 1488 1185 1560 daemones
1223 1485 1336 1582 ejecit,
1355 1482 1423 1556 sed

344 1607 364 1654 1
380 1586 649 1684 gaudetaquod
662 1589 804 1662 nomina
815 1598 935 1664 vestra
953 1591 1085 1688 scripta
1102 1590 1234 1663 suntin
1247 1588 1355 1660 coelis
1368 1583 1423 1680 „³3

345 1691 459 1765 Judae
476 1699 594 1765 autern
613 1693 765 1789 scriptus
784 1702 861 1766 erat
878 1694 916 1766 in
931 1702 1027 1768 terra
1039 1717 1118 1767 cum
1136 1691 1422 1789 crucifigentibus

348 1793 549 1869 Dominum.
1018 1860 1021 1864 .
1131 1849 1133 1854 ·
1356 1826 1372 1832 ¹·
1423 1867 1425 1869 ,

450 1899 563 1973 Judas
581 1899 769 1974 daemones
797 1901 945 1998 expulit,
962 1908 1006 1974 ut·
1028 1901 1104 1998 ipse
1130 1899 1274 1974 Domini
1300 1899 1424 1974 adror-

347 2003 463 2076 sarius
482 2003 627 2098 collegis
647 2005 720 2077 suis
738 2005 1003 2079 crucifixoribus
1021 2005 1226 2101 explicaret,
1243 2029 1328 2077 num
1349 2003 1425 2076 Do·

345 2107 464 2178 minus
481 2130 565 2180 rere
588 2126 657 2204 per
674 2108 855 2182 Belzebub
883 2109 1080 2206 expelleret
1105 2109 1305 2203 daemones,
1324 2114 1360 2179 et
1383 2113 1427 2178 ut

346 2209 495 2284 traditor
509 2211 792 2306 confunderetur,
806 2212 836 2284 si
849 2212 1037 2285 daemones
1050 2212 1177 2308 ipsum,
1191 2211 1251 2308 qui
1262 2213 1324 2284 fur
1336 2217 1425 2304 erat,

346 2313 514 2386 timerent
532 2322 571 2387 et
587 2315 738 2411 exirent,
752 2341 858 2412 quum
876 2317 932 2390 fur
946 2316 1085 2411 argenti
1103 2315 1279 2388 dominum
1297 2338 1424 2410 argen-

346 2415 376 2488 ti
393 2441 464 2490 non
480 2419 631 2492 timeret.
650 2422 819 2492 Attamen
836 2420 996 2493 fortassis
1022 2420 1108 2492 haee
1124 2417 1312 2515 perpendit
1328 2417 1425 2490 11111ὸ

348 2544 417 2614 que
438 2521 603 2616 laqueum
622 2523 689 2596 sibi
707 2523 827 2620 injecit
845 2531 936 2596 etse
964 2523 1147 2620 suspendit
1160 2521 1186 2594 ¹⁸.
1204 2521 1251 2596 Et
1268 2545 1313 2594 ne
1332 2521 1426 2593 dice·-

348 2629 438 2716 rent,
461 2618 649 2698 Dominum
679 2623 884 2700 traditorem
928 2623 996 2700 sibi
1027 2626 1177 2722 elegisse
1212 2625 1426 2722 discipulum

345 2726 453 2822 idque
472 2727 666 2823 ignorasse,
681 2730 792 2802 dixit:
812 2753 826 2787 a
840 2729 942 2804 Unus
961 2726 1424 2822 111111111111111111115,

348 2853 476 2904 nomen
493 2833 517 2904 J
518 2831 607 2904 udae
633 2832 748 2904 adhue
767 2833 899 2928 celans,
912 2859 957 2907 ne
976 2858 1055 2908 eum
1073 2833 1281 2927 diffamaret,
1300 2831 1425 2906 11111-

348 2933 400 3006 let
425 2933 676 3031 poenitentiam
702 2961 819 3032 agere.
840 2937 957 3027 Quum
980 2937 1030 3010 eis
1056 2937 1165 3035 pedes
1190 2937 1335 3029 lavaret,
1353 2957 1427 3008 non

345 3037 431 3110 -fecit
457 3037 595 3112 initium
613 3064 635 3111 a
653 3040 805 3134 Simone,
831 3041 990 3138 principe
1017 3041 1281 3139 discipulorum.
1307 3040 1426 3130 Quum

350 3142 443 3214 enim
462 3141 627 3240 princeps
646 3145 853 3240 angelorum
871 3144 989 3218 illico6
1008 3145 1151 3242 reliquit
1166 3145 1335 3217 honorem
1348 3142 1425 3238 glo÷

348 3244 543 3340 riaesuae,
570 3247 742 3342 quomodo
769 3249 934 3345 princeps
973 3249 1225 3346 discipulorum
1250 3247 1288 3319 in
1314 3246 1428 3342 gradu

349 3348 492 3420 honoris
510 3349 565 3422 sui
582 3351 756 3446 potuisset
773 3352 991 3426 consistere?
1008 3354 1135 3426 Nonne
1153 3351 1270 3448 potins
1285 3350 1426 3424 didicis·

350 3457 405 3523 set
421 3451 551 3526 imitari
568 3454 765 3552 principem
783 3456 988 3552 angelorum
1001 3455 1015 3502 ⁷
1026 3457 1047 3527 ,P
1122 3506 1124 3510 -

428 3703 454 3757 1.
475 3701 736 3777 subintelligitur:
754 3705 837 3761 “uisi
852 3705 871 3762 J
875 3705 950 3763 udae
965 3705 1151 3764 emendando
1164 3737 1190 3767 a.

426 3779 455 3835 2.
480 3779 579 3838 Mune.
597 3785 641 3852 10,
656 3785 704 3841 46.

429 3861 456 3915 3.
476 3858 551 3917 Luc·
566 3862 612 3933 10,
626 3863 672 3918 20.
934 3917 937 3923 .

426 3939 454 3994 4.
475 3937 567 3995 Sioin
591 3939 656 3997 eod.
680 3941 714 4014 B,
729 3940 780 4012 ubi
803 3941 954 4020 particula
976 3941 1146 4017 negationis
1170 3942 1266 4000 deest.
1293 3939 1426 3997 Γ1111111111

352 4013 419 4072 cod.
433 4015 593 4074 AAucher
615 4019 659 4076 ita
680 4017 801 4080 reddit:
829 4020 999 4080 “Fortasse
1022 4041 1084 4081 nou
1106 4020 1287 4082 memorauit
1309 4018 1368 4078 hoc
1394 4021 1427 4076 et

344 4091 697 4233 iseipspmlsuffopapiltm
779 4179 781 4184 Ι
882 4110 887 4118 ·

449 4190 561 4230 .ο11.
659 4215 667 4231 .
1280 4203 1282 4208 ’

429 4252 457 4307 6.
468 4215 667 4329 Subintellige
679 4276 686 4315 ε
698 4253 826 4324 Quando
835 4257 873 4316 ad
884 4257 1010 4334 gloriam
1018 4257 1204 4336 principatus
1215 4257 1341 4326 erectus
1350 4254 1428 4313 erat.

430 4331 456 4386 l.
477 4329 527 4387 Ad
539 4329 685 4393 verbum:
700 4334 760 4395 Sed
772 4336 873 4412 potius
897 4335 1000 4396 datum
1015 4337 1044 4395 ei
1067 4339 1160 4410 esset,
1183 4335 1295 4400 imitari
1318 4331 1430 4412 princi·

350 4423 419 4483 pem
441 4408 627 4486 angelorum,
736 4428 739 4434 ’
1200 4448 1202 4451 -
