3260 5020
230 431 232 438 ’
326 439 425 533 hora,
464 465 534 537 qua
569 444 954 538 comprehendebatur,
992 441 1116 514 timere
1153 439 1323 536 debebat,
1348 461 1423 517 non

326 547 444 615 autem
472 544 542 616 alio
570 550 752 642 tempore,
771 555 856 618 tunc
873 554 992 619 autern
1020 542 1160 617 sanavit
1186 567 1308 616 aurem
1329 545 1422 617 ocoi-

327 644 429 717 soris.
449 645 756 744 praeceperatis
778 649 937 743 gladium
964 653 1158 740 sumerent,
1174 646 1264 719 hora
1289 653 1421 740 antem,

326 769 398 840 qua
415 747 534 842 gladio
552 773 641 847 opus
661 760 750 846 erat,
769 751 884 824 dixit:
906 775 921 809 s
940 746 1118 825 (leniente
1138 747 1298 844 gladium
1319 756 1420 822 tuum

327 848 443 923 denuo
463 851 635 926 inlocum
654 879 757 926 suum
773 855 798 930 ¹.

260 957 262 967 '
432 955 538 1027 Aut⁹
556 957 640 1052 quia
665 981 730 1053 per
757 957 891 1030 Filium
918 955 1049 1045 debita,
1068 978 1158 1051 quae
1184 955 1279 1026 lecta
1305 961 1419 1045 erant,

329 1052 559 1159 solvebantur
573 1067 608 1135 et
627 1060 812 1133 conversio
831 1059 991 1155 gentium
1010 1058 1129 1152 fiebat,
1148 1057 1313 1154 gratiam,
1327 1079 1418 1152 quae

326 1179 393 1252 pro
411 1161 543 1234 mundo
558 1169 647 1255 erat,
659 1161 775 1235 Filius
795 1161 950 1258 sibiipsi
968 1161 1201 1262 appropriare
1219 1159 1345 1235 noluit.
1363 1159 1421 1233 si»-

328 1260 401 1332 cuti
418 1264 463 1336 ab
490 1263 602 1358 initio,
621 1265 762 1338 etiamsi
788 1265 906 1338 omnia
932 1287 997 1361 pcr
1022 1264 1141 1368 ipsum
1166 1264 1261 1336 lacta
1285 1268 1418 1353 essent,

326 1366 446 1436 tamen
459 1366 527 1439 hoc
540 1365 682 1440 silentio
700 1368 921 1465 praeterivit,
935 1374 971 1438 et
992 1391 1058 1462 per
1070 1390 1111 1440 os
1128 1365 1249 1462 Moysi
1266 1363 1419 1436 alterum

324 1462 495 1541 factorem
508 1469 679 1543 indicavit
696 1471 838 1543 dicens:
860 1471 936 1544 unt
953 1469 1044 1543 vidit
1060 1469 1160 1544 Deus
1179 1468 1308 1560 omnia,
1325 1489 1418 1564 qnae

325 1564 471 1663 fecerat,
499 1579 535 1644 et
561 1595 640 1644 cece
666 1575 760 1648 bona
785 1580 869 1650 sunt
895 1572 1000 1646 valde
1018 1612 1033 1648 a
1050 1571 1090 1665 ⁵3
1113 1572 1219 1668 idque
1246 1568 1350 1663 dixit,
1377 1577 1418 1642 ut

325 1667 427 1744 Patri
446 1697 509 1746 suo
527 1697 649 1748 omnes
668 1683 851 1750 creaturas
871 1676 1051 1750 debitores
1067 1676 1207 1768 fierent,
1223 1674 1275 1746 ita
1291 1678 1328 1745 et
1354 1672 1418 1744 bc-

324 1793 367 1844 ra
384 1777 624 1876 renovationis
641 1801 763 1856 earum
780 1779 944 1852 omnibus
970 1802 1035 1875 per
1054 1785 1204 1852 mortem
1230 1775 1417 1850 renuncia·

325 1874 379 1947 vit
400 1885 436 1950 et
452 1879 567 1953 dixit:
594 1880 701 1954 Fiat
727 1883 952 1954 voluntas
980 1887 1127 1974 ruant
1151 1879 1254 1954 Patri
1280 1877 1417 1952 debito·

324 1999 384 2052 res
396 1980 524 2056 fierent
536 2007 670 2077 omnes,
681 1984 743 2080 qui
755 2009 821 2080 per
834 1990 985 2057 mortam
998 1981 1189 2078 Unigeniti
1206 1988 1420 2054 convertam

325 2079 363 2152 di
381 2091 510 2156 essent.
526 2087 630 2177 Aut,
650 2087 733 2182 quia
746 2095 906 2183 ternpore
923 2086 1048 2159 mortis
1066 2085 1263 2183 corporalis
1276 2083 1417 2181 corpori

323 2181 435 2280 dedit,
453 2188 547 2284 qnod
573 2189 734 2286 corporis
753 2197 840 2281 erat,
859 2189 940 2261 ideo
965 2191 1033 2262 hoo
1057 2188 1160 2262 dixit.
1185 2187 1333 2262 Clarum
1359 2193 1415 2258 est

323 2287 430 2383 enim,
449 2313 571 2362 omnes
590 2292 731 2366 dolores
750 2292 794 2364 de
812 2307 960 2388 corpore
979 2291 1055 2387 ejus
1072 2292 1209 2382 testari,
1227 2296 1267 2362 ut
1279 2289 1413 2364 veritas

323 2389 401 2484 ejus
419 2392 587 2467 eluceret.
604 2398 655 2469 At
674 2401 791 2478 sectae
817 2394 1076 2469 haereticorum
1101 2395 1222 2468 omnia
1246 2393 1334 2465 baec
1360 2391 1412 2462 in-

324 2491 417 2565 dicia
443 2497 602 2592 corporis
629 2499 707 2594 ejus
724 2497 888 2572 videntes
907 2496 951 2570 de
970 2519 1011 2568 eo
1036 2497 1201 2571 sibinen
1227 2517 1413 2597 persuase-

323 2602 408 2666 runt
422 2595 447 2668 ¹⁸.
467 2599 519 2671 Ut
536 2600 685 2674 esurivit
702 2608 739 2672 et
767 2600 880 2673 sitivit
897 2607 934 2672 et
960 2599 1178 2696 defatigatus
1195 2604 1252 2672 est
1276 2604 1315 2669 ct
1332 2595 1412 2668 dor-

324 2696 438 2793 mivit,
456 2699 507 2773 ita
526 2710 562 2774 et
589 2703 717 2779 timuit.
736 2706 828 2777 Aut
852 2703 941 2776 haec
966 2727 1094 2800 passus
1113 2711 1179 2798 est,
1196 2708 1238 2774 nt
1262 2697 1415 2774 homini·

323 2801 391 2872 bus
409 2802 447 2874 in
463 2811 561 2877 terra
587 2804 731 2878 difficile
758 2807 860 2878 fieret
878 2805 1020 2880 dicere:
1040 2829 1056 2864 α
1079 2806 1163 2880 Sine
1189 2803 1355 2901 passione
1376 2808 1414 2872 et

320 2899 442 2978 labore
468 2907 593 3004 culpae
619 2914 761 2981 nostrae
782 2911 886 3004 abeo
909 2910 1074 3008 expiatae
1103 2915 1231 3002 sunta.
1253 2907 1345 2978 Aut
1371 2911 1411 2974 ut

320 3003 514 3104 discipulos
532 3009 740 3103 doceretur
756 3011 866 3085 vitam
882 3018 919 3084 et
937 3018 1087 3085 mortem
1104 3033 1205 3083 suam
1222 3007 1300 3080 Deo
1317 3030 1411 3079 corn-

292 3145 302 3178 v
321 3110 541 3184 mandarent.
562 3112 599 3186 Si
618 3113 712 3184 enim
730 3114 761 3186 is
780 3113 842 3210 qui
861 3114 1003 3210 sapiens
1021 3121 1088 3207 est,
1102 3118 1249 3210 propter
1266 3109 1338 3182 Dei
1354 3131 1411 3181 oo*

319 3209 515 3302 gnitionem
534 3214 571 3288 id
589 3215 683 3310 quod
701 3217 945 3310 conveniebat,
963 3217 1117 3314 supplex
1134 3214 1261 3306 oravit,
1279 3218 1414 3309 quanto

318 3312 434 3408 magis
452 3317 559 3390 rudes
572 3317 793 3391 voluntatem
811 3343 911 3391 snam
929 3318 1099 3392 omniscio
1123 3315 1277 3391 uadunt.
1303 3317 1408 3406 Aut,

317 3421 359 3484 ut
376 3439 442 3512 per
459 3442 559 3491 suam
576 3421 778 3516 passionem
797 3421 965 3494 solatium
981 3421 1020 3493 in
1038 3419 1224 3518 discipulis
1250 3417 1326 3492 suis
1352 3439 1408 3489 se-

317 3517 481 3613 minaret,
499 3522 611 3594 menti
638 3546 760 3596 eorum
787 3547 825 3596 se
843 3523 1129 3618 accommodavit,
1146 3529 1187 3595 ut
1208 3521 1261 3595 eis
1288 3542 1410 3593 exem-

317 3619 377 3714 plo
404 3622 517 3719 fieret,
543 3647 736 3724 eorumque
763 3625 927 3699 timorem
953 3627 991 3700 in
1018 3649 1056 3700 se
1084 3625 1252 3724 suscepit,
1275 3630 1316 3696 ut
1341 3645 1408 3696 suo

317 3721 552 3801 document0⁵
570 3727 621 3801 eis
640 3727 855 3822 ostenderet,
871 3736 953 3802 ante
972 3736 1123 3804 mortem
1143 3728 1187 3802 de
1205 3733 1319 3810 morte
1336 3747 1408 3797 non

394 3906 424 4036 i.
444 3901 697 4054 {Addqdddtldus
712 3979 896 4056 explicatur,
905 3997 960 4038 cur
974 3981 1117 4040 Christus
1129 3981 1158 4037 in
1169 3979 1280 4054 agonia
1296 3995 1403 4037 orave.

314 4059 358 4117 rit
370 4077 377 4115 ι
391 4055 461 4115 Non
476 4074 554 4127 mea,
571 4058 626 4116 sed
641 4061 694 4114 tna
708 4056 850 4116 colunias
863 4057 931 4116 fuit.

399 4137 426 4192 3.
448 4135 522 4192 Gar.
540 4139 565 4206 l,
581 4138 628 4193 31.

391 4216 420 4268 4.
441 4211 499 4269 Hic
515 4212 602 4271 locus
617 4230 657 4270 ex
673 4211 777 4273 cod.B
792 4213 972 4273 emendatus
987 4217 1044 4274 est.
1056 4214 1093 4273 In
1108 4214 1175 4274 cod.
1185 4213 1214 4272 A
1227 4229 1321 4273 sanus
1335 4229 1402 4270 sen·

313 4309 365 4350 sus
381 4290 489 4426 dxlii
502 4366 533 4425 in
549 4366 615 4428 cod.
630 4368 664 4428 Β.
680 4368 717 4426 In
732 4364 798 4429 cod.
813 4369 842 4429 A
857 4368 936 4431 falso
952 4370 1147 4434 accusativus
1163 4369 1296 4449 ponitur.
