3280 5028
1235 336 1303 409 175

221 469 307 557 erat,
326 462 388 536 sed
408 459 591 536 dissimilis
609 462 795 536 retributio
814 467 896 558 post
914 467 1063 536 mortem
1081 463 1217 537 Lazari.
1244 467 1304 542 Ad

220 591 323 664 quem
341 566 426 640 olim
443 591 487 639 ne
506 568 600 641 servi
618 567 760 664 quidem
791 566 958 640 accedere
977 567 1178 662 voluerunt,
1196 567 1227 642 is
1244 593 1303 644 su·

218 695 283 768 per
313 671 458 745 brachia
483 671 693 766 augelorum
712 669 985 766 glorificabatur.
1016 671 1109 759 Quia
1140 671 1303 746 diresin

219 775 322 848 domo
333 774 520 847 sualocum
534 776 568 848 ei
577 799 648 848 non
657 774 766 870 dedit,
780 775 879 847 sinus
892 775 1096 848 Abrahame
1112 782 1188 848 erat
1204 777 1303 850 locus

217 879 346 976 quietis
367 879 453 976 ejus
480 879 612 952 Divitis
630 878 765 978 duplex
792 886 869 952 erat
895 879 1119 976 supplicium,
1136 880 1302 976 primum,

217 984 300 1080 quia
324 983 401 1081 ipse
428 981 659 1075 cruciabatur,
681 982 774 1078 dein,
793 983 877 1078 quia
901 983 1077 1056 Lazarum
1104 981 1141 1056 in
1167 984 1304 1060 laetitia

218 1087 373 1160 videbat.
400 1085 573 1160 Dominus
601 1087 801 1162 sacerdotes
827 1086 950 1183 populi
976 1087 1192 1183 comparavit
1222 1112 1302 1163 cum

219 1189 328 1264 divite
354 1213 514 1287 purpura
531 1188 666 1286 indute,
684 1215 753 1287 quo
771 1213 874 1262 nemo
901 1197 977 1264 erat
1007 1191 1177 1286 nobilior,
1196 1193 1302 1266 disci-

217 1295 320 1390 pulos
338 1317 422 1367 vero
442 1295 583 1368 crucisl
607 1294 824 1390 comparavit
839 1294 988 1389 Lazaro,
1006 1317 1074 1391 quo
1093 1319 1196 1368 nemo
1226 1304 1303 1371 erat

218 1397 464 1472 miserabilior.
482 1398 623 1474 Nome'n
649 1399 840 1473 amicorum
860 1422 1003 1472 suorum
1021 1422 1086 1495 per
1112 1400 1301 1494 Lazarum,

214 1503 366 1574 amicum
397 1526 501 1575 suum
527 1503 706 1598 dilectum,
735 1503 936 1598 designavit
966 1509 1002 1574 et
1028 1527 1158 1576 nomen
1184 1504 1300 1578 iuimi-

216 1627 335 1679 oorum
364 1629 507 1680 suorum
520 1606 633 1680 voluit
650 1605 819 1700 indicare,
838 1629 917 1680 oum
939 1607 1093 1680 diceret:
1114 1608 1160 1683 Si
1186 1608 1302 1706 Moy-

217 1733 298 1782 sen
324 1715 368 1783 et
393 1709 661 1810 Prophetas
686 1734 774 1784 non
803 1710 1002 1784 audiunt
1021 1717 1084 1786 etc.
1104 1713 1187 1786 Non
1214 1737 1301 1809 ergo

217 1810 283 1907 illi,
311 1813 371 1909 qui
388 1815 525 1908 vivunt,
540 1814 614 1888 viri
640 1822 734 1908 sunt,
752 1835 818 1886 nec
836 1815 901 1908 illi,
920 1815 981 1912 qui
1008 1815 1150 1913 sepulti,
1172 1817 1302 1892 mortui

217 1923 309 1990 sunt.

319 2019 516 2094 Considera
542 2020 679 2118 itaque:
708 2022 935 2120 Quantopere
962 2021 1023 2094 1111
1043 2021 1142 2097 dives
1165 2024 1302 2100 deliciis
1377 2078 1381 2094 s

212 2121 415 2198 demollitus
442 2131 530 2216 erat,
557 2133 741 2222 tantopere
776 2133 902 2224 postea
935 2127 1066 2200 misere
1092 2127 1300 2203 humiliatus

212 2235 333 2319 11111
363 2254 432 2327 quo
463 2229 578 2324 magis
608 2230 766 2305 Lazarus
798 2231 962 2304 miseret
993 2255 1129 2330 pauper
1160 2233 1237 2326 fuit,
1257 2257 1299 2308 eo

213 2332 325 2428 major
343 2341 378 2406 et
395 2335 471 2430 ejus
490 2357 619 2409 corona
644 2335 720 2408 fuit.
740 2337 791 2410 At
809 2359 871 2408 cur
899 2333 1013 2408 solum
1040 2336 1298 2433 Abrahamum,

210 2457 284 2509 non
310 2446 428 2510 autem
455 2445 591 2511 1111111
612 2439 729 2536 justos
756 2438 855 2534 vidit,
884 2445 919 2510 et
944 2439 1120 2514 Lazarum
1147 2439 1185 2512 in
1219 2441 1300 2515 sinu

212 2541 288 2637 ejus
303 2541 320 2611 ?
337 2541 435 2635 Ide0,
454 2543 537 2639 quia
555 2543 736 2616 Abraham
762 2544 939 2617 beneficus
958 2551 1035 2616 1111
1054 2567 1141 2640 erga
1166 2568 1299 2644 paupe-

210 2668 281 2738 res,
299 2643 429 2720 ideirco
447 2646 565 2742 ipsum
581 2645 681 2742 vidit,
700 2653 740 2718 ut
756 2671 821 2721 nos
836 2647 988 2744 doceret,
1011 2672 1082 2720 non
1101 2673 1178 2723 1111
1197 2651 1299 2723 nobis

211 2749 422 2846 sperandam
447 2749 691 2823 remissionem
709 2749 747 2824 in
764 2751 845 2846 fine,
862 2751 931 2824 nisi
958 2752 1094 2826 fruetus
1120 2753 1299 2827 remissio·

210 2853 267 2924 nis
286 2851 324 2925 in
350 2853 450 2927 nobis
477 2859 656 2950 appareat.
685 2853 724 2926 Si
750 2855 844 2926 enim
861 2857 1056 2948 Abraham,
1075 2858 1136 2952 qui
1163 2857 1297 2930 amicus

212 2964 288 3028 1111
305 2957 575 3054 peregrinorum
593 2963 629 3028 et
646 2956 683 3028 in
710 2957 909 3030 Sodomitas
935 2959 1213 3034 misericordiam
1237 2984 1299 3034 ex·

177 3097 179 3104 ·
210 3059 336 3154 hibuit,
353 3083 425 3133 non
451 3061 567 3158 potuit
584 3061 659 3158 ejus
677 3059 850 3154 misereri,
869 3085 973 3157 quem
993 3063 1036 3134 de
1063 3062 1199 3138 Lazaro
1227 3087 1299 3136 non

211 3163 413 3259 miserebat,
436 3165 608 3262 quomodo
634 3187 699 3236 nos
726 3163 970 3238 remissionem
998 3189 1142 3264 sperare
1169 3169 1299 3266 poteri-

213 3291 292 3340 mus
307 3268 323 3338 ?
341 3268 421 3342 Etsi
440 3269 534 3341 enim
560 3268 622 3340 ille
649 3269 748 3342 dives
767 3269 1009 3356 Abrahamum
1036 3277 1175 3368 patrem
1197 3297 1300 3346 suum

209 3379 355 3452 uocaret
370 3379 405 3444 11
418 3373 599 3446 Abraham
618 3397 698 3470 eum
719 3395 734 3430 u
751 3371 802 3444 fili
814 3373 892 3448 mi„
910 3371 1164 3472 alloqueretur,
1179 3383 1300 3451 tamen

209 3473 271 3574 1111
291 3499 370 3549 eum
385 3496 456 3549 non
469 3471 763 3574 poteratjutare.
782 3477 1028 3573 Memento,
1047 3479 1107 3574 ait,
1125 3482 1203 3555 fili
1228 3483 1298 3576 mi,

213 3581 337 3675 quod
365 3581 599 3678 accepisti
626 3583 745 3654 bona
771 3587 850 3654 tua
875 3582 1039 3656 invita
1063 3585 1298 3666 tuaetLa-

206 3705 353 3764 zarus
382 3685 625 3758 cruciatus
654 3708 772 3758 suos.
969 3779 972 3784 Ι

316 3787 380 3862 De
408 3789 730 3881 mercenariis,
764 3813 875 3886 quos
906 3793 1198 3868 conduxerat
1229 3793 1299 3870 do·

212 3891 364 3966 minus
390 3890 585 3967 vineael
611 3892 725 3966 hora
752 3895 902 3967 tertia
929 3904 973 3969 11
1000 3903 1196 3971 1111111
1228 3923 1299 3975 no·

209 3993 493 4092 111(Μ1111.20,
515 3998 625 4092 1-18).
644 3997 762 4086 Quum
780 3997 982 4073 novissimis
1001 4000 1086 4073 dare
1109 4004 1298 4100 coepisset,

207 4097 315 4194 primi
341 4099 602 4196 existimarunt,
629 4101 723 4198 quod
750 4101 832 4200 plus
860 4110 984 4176 essent
1011 4108 1201 4205 accepturi,
1235 4108 1297 4182 ille

290 4347 316 4402 1.
339 4347 388 4404 Ita
401 4346 431 4404 in
446 4347 512 4406 cod.
528 4349 563 4407 Β.
578 4350 614 4408 Iu
627 4349 695 4408 cod.
716 4350 740 4408 A
756 4349 812 4408 ain
828 4367 955 4411 eruces.

286 4425 314 4480 2.
335 4424 482 4485 Nimirum
498 4428 527 4486 in
544 4429 649 4488 cod.B
666 4433 713 4488 111
728 4435 794 4503 nte
807 4438 951 4506 mauvia:
