3218 5024
187 325 369 401 82

320 461 468 553 sortasse
495 459 607 530 virtus
633 460 677 531 ab
696 480 737 529 eo
754 457 791 529 vi
808 457 948 532 divulsa
973 465 1008 530 et
1035 456 1171 531 sanatio
1194 481 1239 529 eo
1257 455 1402 532 nolente

320 565 413 636 furto
431 562 549 635 ablata
566 561 650 634 est?
668 560 739 634 sed
758 561 841 658 qnia
858 561 1016 636 remedia
1033 562 1173 656 dantur,
1199 587 1288 660 quae
1307 564 1402 636 sani-

321 667 385 740 tati
402 666 505 739 utilia
522 672 616 758 sunt,
634 667 795 760 quamvis
812 665 899 738 haec
918 665 1065 739 scientia
1091 665 1129 738 in
1146 666 1197 738 eis
1214 689 1285 738 non
1302 666 1400 760 insit,

321 771 494 843 Dominus
511 769 696 841 mulierem
715 777 873 842 sanatam
891 769 1153 860 docerevoluit,
1168 793 1247 841 enm
1266 770 1328 866 qui
1346 793 1403 842 sa-

318 875 465 947 nitatem
483 872 517 944 ei
534 872 641 966 dedit,
659 873 773 969 ipsam
790 873 922 969 optime
949 897 1065 968 nosse,
1091 873 1265 969 simulque
1283 880 1402 946 osten·

319 979 382 1072 dit,
401 1001 439 1050 se
457 1000 528 1048 non
546 999 623 1049 esse
642 977 743 1071 quasi
760 977 1064 1072 medicamentum,
1081 976 1175 1073 quod
1192 984 1320 1050 natura
1336 1001 1402 1050 sua

321 1105 442 1155 omnes
461 1086 572 1173 sanat,
590 1080 705 1176 quiid
728 1080 913 1177 recipiunt,
942 1082 1004 1155 sed
1030 1080 1199 1159 scientem
1216 1088 1251 1154 et
1268 1081 1401 1154 intelli-

318 1191 461 1281 gentem
487 1207 525 1256 se
552 1205 617 1255 sna
641 1183 823 1257 voluntate
844 1208 976 1279 omnes,
1002 1186 1064 1282 qui
1088 1185 1206 1281 ipsum
1234 1185 1400 1280 diligunt,

320 1311 456 1362 sanare.

418 1391 516 1464 Haeo
534 1415 621 1486 ergo
638 1392 751 1464 virtus
765 1415 787 1462 a
801 1391 955 1486 gloriosa
973 1390 1158 1466 divinitate
1177 1391 1265 1465 exiit
1279 1399 1314 1464 et
1325 1393 1399 1464 loe-

320 1495 403 1567 dum
416 1502 588 1589 ventrem,
602 1495 663 1590 qni
675 1495 782 1591 juxta
797 1495 914 1591 legem
926 1495 1127 1569 immundus
1146 1504 1233 1590 erat,
1249 1496 1399 1590 sanavit,

320 1605 360 1670 ut
376 1604 525 1695 pateret,
552 1599 773 1672 divinitatem
791 1624 813 1671 a
834 1600 974 1672 nemine
1000 1599 1203 1693 abhorrere,
1230 1599 1287 1671 cui
1311 1599 1401 1673 fides

318 1701 522 1774 associatur.
549 1703 656 1775 Fides
675 1703 769 1774 enirn
792 1705 896 1776 arbor
915 1711 980 1796 est,
1005 1703 1043 1774 in
1069 1727 1139 1799 qua
1164 1703 1284 1778 divina
1309 1703 1404 1775 dona

317 1806 553 1901 requiescunt.
581 1807 620 1880 si
646 1807 902 1898 immunditiae,
928 1829 1019 1902 quae
1047 1830 1092 1878 ex
1118 1807 1199 1902 lege
1218 1815 1284 1900 est,
1310 1806 1402 1886 fides

317 1908 509 1984 voluntatis
529 1910 745 2009 adjungitur,
764 1909 842 2007 ipsa
859 1910 1002 2007 quidem
1020 1918 1162 2006 separat
1175 1916 1210 1981 et
1222 1909 1400 2006 inquinat,

318 2012 405 2086 fides
435 2021 554 2086 tamen
580 2014 773 2088 sanctificat
799 2021 835 2084 et
860 2014 1052 2111 conjungit,
1071 2020 1107 2086 et
1129 2013 1293 2088 voluntas
1311 2014 1402 2086 adu-

317 2125 380 2196 nat
398 2125 433 2189 et
449 2125 635 2214 exaequat.
668 2117 767 2190 Licet
792 2117 853 2190 lex
881 2118 1139 2214 separationem
1166 2118 1400 2216 praeciperet,

317 2227 436 2293 tamen
465 2221 565 2295 Elias
581 2221 755 2294 credendo
781 2221 1091 2294 sanctificationem
1117 2221 1247 2314 effecit,
1270 2245 1342 2292 non
1358 2229 1402 2294 ut

316 2323 478 2397 inimicus
495 2325 598 2422 legis,
617 2324 679 2398 sed
692 2331 732 2397 ut
744 2323 818 2420 legi
835 2326 1006 2398 addictus.
1024 2325 1110 2398 Noli
1126 2332 1264 2420 putare,
1278 2325 1397 2396 Eliam

316 2429 586 2524 reprehendisse
604 2429 732 2523 legem,
750 2453 840 2522 quae
858 2429 1050 2526 praecepit,
1076 2421 1207 2526 mundo
1225 2428 1303 2501 cibo
1320 2428 1397 2523 uti,

317 2554 399 2602 nam
412 2531 472 2603 lex
487 2533 607 2606 docuit
618 2531 746 2625 Ellam,
765 2531 881 2605 cibum
898 2554 969 2605 non
989 2555 1094 2628 posse
1110 2531 1361 2605 immundumf
1379 2575 1396 2587 -

317 2657 407 2706 cere.
425 2634 524 2708 Elias
543 2635 696 2708 nonfuit
713 2635 937 2710 adversarius
954 2635 1058 2730 legis,
1075 2659 1191 2730 neque
1208 2636 1270 2708 lex
1287 2635 1397 2732 legis-

316 2736 421 2811 latori
438 2739 641 2813 adversaria
656 2739 801 2812 inventa
823 2745 888 2812 est.
913 2739 1013 2811 Elias
1039 2738 1279 2812 infirmitatem
1304 2739 1398 2833 legis

318 2842 485 2938 cognovit
501 2849 537 2916 et
554 2843 634 2936 ideo
645 2843 751 2938 juxta
776 2841 892 2938 legem
909 2842 1068 2914 infirmus
1094 2865 1166 2914 non
1191 2841 1397 2915 ambularit.

316 2944 395 3018 Lex
413 2946 656 3020 voluntatem¹
683 2944 899 3041 legislatoris
917 2946 1030 3040 scivit,
1053 2952 1089 3018 et
1105 2945 1185 3020 ideo
1204 2945 1396 3018 secundum

318 3051 394 3145 ejus
411 3051 631 3123 voluntatem
649 3044 756 3123 solvit
782 3057 818 3121 et
839 3049 976 3145 ligavit.
1003 3049 1105 3122 Licet
1122 3051 1216 3122 enim
1232 3049 1332 3122 Elias
1351 3051 1397 3123 ab

316 3153 497 3226 immundo
514 3177 618 3227 corvo
632 3153 749 3227 eibum
762 3153 946 3250 acciperet,
960 3160 1080 3225 tamen
1092 3153 1334 3250 quodomnque
1348 3177 1396 3226 ex

316 3281 376 3329 ore
394 3258 463 3329 Dei
483 3257 628 3353 aceepit,
655 3263 857 3329 constanter
882 3255 1101 3350 observavit,
1129 3264 1250 3353 patres
1277 3265 1396 3330 autern

199 3375 203 3380 '
316 3383 449 3454 eornm,
475 3362 559 3434 licet
585 3385 631 3433 ex
655 3360 787 3433 mundo
812 3383 873 3431 ore
900 3366 1021 3455 petrae
1048 3366 1171 3455 potum
1195 3360 1234 3432 in
1252 3361 1393 3434 deserto

316 3465 528 3560 acciperent,
546 3474 665 3537 tamen
683 3464 720 3535 id
738 3463 832 3557 quod
850 3485 896 3534 ex
914 3486 975 3534 ore
993 3463 1061 3536 Dei
1078 3463 1307 3560 accipiebant,
1335 3467 1397 3538 ob·

316 3591 458 3642 servare
480 3569 681 3642 noluerunt.
694 3567 796 3640 Licet
808 3565 909 3638 Elias
927 3590 948 3637 a
970 3567 1085 3640 eorvis
1107 3567 1298 3640 immundis
1316 3592 1398 3642 san-

315 3679 370 3744 cte
385 3672 400 3719 ²
418 3673 624 3764 nutriretur,
650 3679 771 3746 tamen
795 3677 919 3768 postea
935 3693 957 3742 a
973 3678 1096 3744 saneta
1121 3671 1306 3744 divinitate
1325 3672 1398 3770 spi·

315 3775 491 3851 ritualiter
508 3777 664 3850 nutritus
681 3784 746 3869 est,
773 3784 809 3846 et
835 3781 955 3871 patres
973 3797 1106 3869 eorum,
1132 3774 1216 3848 licet
1238 3776 1315 3848 cibo
1333 3800 1397 3848 an-

316 3879 478 3973 gelorum
505 3904 653 3976 corpora
678 3903 742 3952 sua
767 3878 955 3970 nutrirent,
982 3885 1101 3965 tamen
1120 3885 1273 3952 mentem
1293 3903 1394 3952 suam

315 3981 518 4058 adoratione
537 3984 641 4060 vituli
658 3982 886 4056 nutriverunt
898 3979 926 4053 5.

394 4191 421 4246 1.
441 4190 491 4247 Ita
500 4190 594 4265 juxta
607 4191 674 4249 cod.
688 4189 713 4246 B
726 4187 757 4245 in
771 4187 837 4246 cod.
852 4189 880 4246 A
892 4205 899 4260 3
916 4201 929 4232 a
942 4185 1077 4247 ordinem
1090 4217 1116 4250 a.

318 4345 382 4404 tum
393 4268 600 4405 {id‘ssffffim
617 4269 648 4328 in
662 4273 791 4344 utroque
805 4267 911 4326 codiee
925 4265 1046 4341 legitur,
1062 4267 1119 4325 etsi
1132 4268 1213 4327 haud
1226 4267 1297 4345 apto
1311 4265 1394 4346 posi·

358 4419 362 4428 '
393 4427 420 4483 3.
440 4426 541 4488 Locus
553 4444 591 4486 ex
604 4424 669 4486 cod.
681 4425 706 4484 B
717 4426 891 4503 correctum
904 4424 935 4484 in
947 4424 1014 4486 cod.
1026 4424 1054 4484 A
1069 4441 1177 4486 sensus
1189 4443 1282 4489 sanus
1293 4427 1392 4489 deest.
1509 4431 1513 4435 '
