3280 5028
1227 337 1293 418 129

208 471 284 540 stae
297 465 474 542 mendatii
486 455 720 570 arguerentur
734 471 771 540 et
784 467 1129 564 reprehenderentur
1140 465 1164 542 ⁴.
1177 467 1208 544 P
1219 493 1238 544 o
1249 480 1292 544 st

210 571 334 668 haee,
353 573 413 668 ait,
432 573 637 647 intravit
655 573 795 670 juxta
812 593 979 646 morem
999 597 1126 647 suum
1152 573 1202 648 in
1224 599 1291 673 sy-

211 685 419 773 nagogas
447 701 603 752 eornm
629 677 703 750 die
731 676 919 750 sabbati
949 677 1096 773 (Luat,
1121 679 1190 773 16).
1213 678 1292 752 ΕΗ

209 803 384 874 quaenam
397 787 474 856 erat
489 780 705 857 consuetudo
719 780 752 854 ei
761 775 823 877 qui
838 787 915 853 tum
932 780 1095 855 advenit?
1111 781 1205 856 Nam
1217 805 1291 856 mo-

212 883 312 956 do‘in
330 883 528 960 Galilaeam
545 891 701 960 venerat.
732 885 810 958 Neo
837 893 1003 982 coeperat
1033 885 1158 960 dooere
1189 893 1293 961 extra

213 1002 441 1085 synagogam,
459 989 522 1064 sed
551 989 589 1062 in
619 1009 811 1087 synagoga.
841 989 901 1060 Ex
916 989 1014 1061 uultu
1044 991 1139 1063 enim
1170 988 1292 1064 eorum

212 1093 394 1188 probatur,
412 1095 506 1191 quod
524 1094 568 1167 de
585 1093 662 1166 Deo
681 1117 803 1167 eorum
820 1093 865 1165 ad
883 1115 942 1165 eos
960 1093 1126 1189 loquutus
1143 1099 1218 1190 est,
1237 1109 1292 1173 se*

212 1216 273 1267 eus
291 1196 385 1270 enirn
399 1206 502 1272 extra
518 1215 718 1294 synagogas
737 1195 817 1270 eum
829 1196 1034 1294 praedicare
1052 1199 1217 1295 oportuit.
1231 1204 1292 1276 In-

194 1321 358 1393 1gressus
378 1303 434 1376 est
457 1301 502 1375 in
520 1301 781 1376 Bethsaida
806 1301 851 1374 ad
868 1287 1017 1376 iudaeos
1036 1309 1073 1374 et
1088 1302 1179 1376 nihil
1195 1303 1293 1380 aliud

212 1402 251 1474 in
266 1404 420 1480 medium
437 1405 596 1504 protulit,
614 1407 708 1503 quod
729 1405 774 1478 ad
797 1405 916 1504 ipsum
933 1405 1113 1502 dixerunt,
1131 1406 1202 1480 nisi
1225 1411 1293 1484 hoo
1394 1403 1397 1419 '

214 1528 341 1580 unum:
360 1509 539 1586 Mediee
566 1531 676 1583 eura
701 1517 746 1583 te
772 1509 933 1607 ipsum.
951 1509 999 1582 Et
1021 1521 1293 1608 assumpserunt

213 1633 295 1684 eum
308 1617 345 1684 et
357 1613 452 1687 foras
467 1613 647 1700 duxerunt
660 1614 709 1700 ,ad
724 1611 971 1712 praecipitium
988 1615 1127 1690 montis.
1142 1615 1225 1689 Non
1238 1623 1293 1691 est

213 1716 426 1814 verosimile,
443 1717 536 1815 quod
550 1719 617 1791 hoo
632 1721 780 1793 verbum
795 1715 931 1790 Christi
948 1717 993 1790 ad
1010 1718 1100 1791 iram
1118 1741 1178 1791 eos
1197 1712 1293 1795 exei-

211 1818 342 1894 uerita
359 1823 410 1894 At
427 1821 514 1895 side
532 1828 689 1896 ereatore
707 1821 753 1895 ad
770 1845 830 1894 eos
846 1819 1013 1917 loquutus
1035 1830 1140 1918 esset,
1159 1828 1194 1896 et
1212 1823 1292 1899 ideo

212 1921 247 1996 ei
262 1923 329 1997 hoo
345 1947 553 2024 responsum
570 1925 753 2000 dedissent
766 1931 801 1999 et
818 1923 1025 1998 eduxissent
1050 1947 1142 2021 eum,
1155 1933 1196 1999 ut
1212 1952 1294 2004 eum

211 2025 454 2124 detruderent,
467 2053 529 2104 our
540 2029 609 2104 alio
622 2029 660 2102 in
676 2029 753 2103 loeo
765 2027 999 2124 Evangeliste
1015 2030 1101 2103 talia
1112 2055 1183 2106 non
1202 2033 1292 2106 indi·

211 2131 300 2204 oat?
319 2131 420 2220 Quod
449 2139 568 2206 autem
598 2133 692 2208 eires
720 2155 800 2207 eum
826 2131 984 2229 oderant,
1012 2141 1173 2230 testatur,
1199 2137 1294 2235 quod

212 2233 524 2312 dieittNonest
549 2237 781 2336 propheta
807 2244 1032 2334 aeceptus
1059 2239 1291 2336 inputria.

317 2335 400 2414 Non
427 2341 563 2440 reoepit
591 2344 751 2418 Anathot
778 2339 978 2436 Ieremiam,
995 2365 1066 2416 non
1096 2343 1229 2420 Thesbi
1245 2345 1294 2419 Ε-

212 2440 311 2538 liam,
327 2467 398 2517 non
414 2445 614 2520 Abemahul
630 2445 823 2538 Elisaeum,
845 2468 916 2517 non
941 2445 1055 2519 Rama
1080 2445 1294 2541 Samuelem,

210 2548 441 2646 neopopnlus
456 2549 590 2647 reeepit
601 2548 762 2647 Moysen,
775 2571 841 2622 neo
857 2547 972 2624 Isratl
985 2549 1185 2626 Dominum.
1200 2552 1294 2642 Qua-

211 2657 360 2748 propter
389 2653 488 2727 Elias
518 2653 655 2751 sprevit
682 2651 861 2750 mulieres,
883 2655 1045 2750 eorumi,
1065 2662 1101 2728 et
1129 2657 1294 2732 Elisaeus

296 2951 323 3007 1.
343 2941 492 3012 Nimirum
504 2951 552 3010 his
565 2947 669 3012 uerbis
684 2951 813 3012 donetur
823 2947 977 3008 Christum
991 2949 1120 3024 patriam
1134 2948 1250 3010 habere
1263 2954 1295 3010 et

213 3041 322 3087 verum
337 3046 405 3090 esse
417 3031 579 3090 hominem.
592 3030 702 3090 Versio
716 3033 835 3088 textum
849 3027 948 3088 ood.B
963 3028 1110 3104 sequitur.

294 3109 323 3166 2.
344 3108 401 3168 Hie
424 3109 587 3170 Marcionis
600 3108 697 3168 verba
715 3107 872 3185 inoipiunt,
887 3105 938 3184 qui
951 3105 1009 3165 hoe
1031 3105 1101 3166 loeo
1124 3123 1295 3184 repugnan-
1379 3141 1387 3154 -

212 3183 289 3244 tiam
304 3185 504 3268 in'Seriptura
516 3186 703 3248 inveniebat.
716 3185 886 3266 Responsio
900 3205 925 3244 s.
934 3183 1098 3262 Ephraemi
1110 3186 1216 3264 insipit
1227 3205 1295 3247 ver·

213 3264 283 3324 bie:
303 3267 384 3325 Atei
398 3267 436 3324 de
451 3272 603 3328 ornatore.
847 3307 852 3316 -

293 3347 321 3404 3.
343 3345 455 3406 Sensus
469 3345 717 3424 praecedentium
733 3343 790 3404 ,hie
815 3359 884 3403 esee
908 3342 1047 3404 videtur:
1061 3343 1199 3404 Marcion
1215 3343 1294 3404 affir-

212 3422 321 3497 mauit,
333 3424 408 3485 iram
422 3425 615 3498 Iudaeorum,
631 3425 668 3484 de
682 3442 742 3502 qna
755 3423 828 3482 Luo.
839 3426 867 3496 4,
885 3421 931 3494 16,
945 3441 1045 3482 sermo
1069 3427 1126 3498 est,
1147 3423 1295 3501 explicari

214 3517 279 3560 non
291 3519 394 3580 posse,
407 3505 466 3564 nisi
480 3505 676 3576 concedatur,
689 3503 843 3562 Christum
858 3501 896 3561 ad
906 3501 1040 3562 Iudaeos
1053 3501 1212 3578 loquutum
1226 3521 1294 3562 esse

213 3581 256 3638 de
270 3587 412 3643 creatore
424 3585 539 3656 mundi,
554 3584 605 3661 qui
618 3583 701 3640 Deus
716 3583 901 3641 Iudaeorum
915 3580 973 3638 tuit
986 3584 1017 3637 et
1031 3599 1049 3639 a
1063 3581 1129 3640 Deo
1151 3599 1293 3658 supremo

213 3659 368 3720 diversus.
381 3663 467 3723 Haeo
482 3663 622 3724 doctrina
635 3661 667 3722 et
679 3658 755 3726 nihil
768 3660 859 3734 aliud,
874 3659 956 3736 quod
968 3661 1032 3718 tum
1055 3659 1170 3726 dietum
1189 3665 1221 3718 et
1232 3661 1294 3720 t'ae·

212 3741 281 3798 tum
295 3741 496 3816 est,1udaeos
511 3741 550 3800 ad
569 3741 644 3800 iram
658 3739 818 3798 excitavit.
833 3739 891 3798 Oui
913 3739 1077 3798 assertioni
1092 3739 1255 3799 Marcionis
1270 3759 1294 3809 s,

213 3820 407 3896 Ephraem'us
428 3821 460 3881 in
481 3821 679 3898 sequentibus
693 3821 769 3878 haee
783 3819 968 3894 respondet:
983 3819 1014 3876 Si
1035 3819 1175 3878 doctrina
1188 3819 1225 3876 de
1250 3819 1294 3880 sio

213 3903 298 3965 dioto
313 3905 539 3960 oosnrooratore
553 3899 685 3960 Iudaeos
699 3902 763 3957 tum
777 3897 905 3957 adirem
919 3897 1076 3972 excitauit,
1090 3917 1143 3958 eur
1158 3897 1225 3955 aliis
1243 3917 1293 3958 oe-

213 3977 401 4056 easiouibus,
421 3978 542 4056 quaudo
563 3981 638 4038 haee
662 3978 773 4049 doouit,
797 3977 878 4035 idem
897 3976 1036 4036 evenisse
1059 3995 1119 4038 non
1141 3977 1293 4053 tegimus?

212 4061 294 4126 Post
305 4059 382 4118 haee
396 4077 420 4118 s.
435 4061 529 4118 Pater
541 4059 620 4118 hane
633 4058 710 4116 irem
722 4057 907 4116 Iudaeorum
922 4073 963 4114 ex
977 4055 1047 4116 odio
1073 4055 1217 4134 explieat,
1234 4075 1294 4134 quo

215 4143 301 4203 eires
316 4137 471 4200 Christum
493 4135 760 4216 persequebantur
779 4137 872 4214 juxta
884 4136 1012 4195 uerbum
1025 4137 1211 4213 prophetae:
1226 4136 1296 4196 Non

213 4225 266 4282 est
278 4221 422 4296 aceeptus
444 4217 595 4294 propheta
607 4216 638 4276 in
651 4215 761 4294 patria.
783 4215 972 4274 Permutatio
997 4231 1070 4291 ergo
1093 4215 1179 4290 urbis
1198 4215 1295 4276 Naza-

214 4301 286 4362 reth
299 4314 366 4356 eum
380 4295 550 4356 Bethsaida
560 4313 623 4356 non
636 4313 661 4353 s.
674 4293 856 4372 ephisena,
870 4295 925 4353 sed
937 4295 1086 4355 Marcioni
1101 4294 1297 4356 attribuenda

215 4383 276 4440 est.
288 4377 325 4434 In
339 4376 539 4452 sequentibus
553 4374 633 4434 enim
645 4377 732 4432 reete
743 4373 900 4434 Nazareth
911 4375 1045 4451 ponitur.
1148 4391 1158 4414 ·

297 4458 325 4515 4.
345 4453 383 4515 Id
396 4457 462 4518 est:
482 4453 567 4516 Elias
580 4471 642 4516 non
654 4453 833 4518 mulieribus
856 4451 1051 4534 Iudaeorum,
1066 4453 1121 4514 sed
1134 4452 1243 4514 viduae
1257 4451 1297 4514 ,iu

1120 4535 1143 4607 9
