3260 5020
192 327 197 334 ·
306 316 401 412 ,222

333 442 424 516 2222.
452 442 613 517 1122212
640 441 791 516 Domino
807 443 994 516 dicendum
1014 450 1079 517 222
1098 445 1172 521 Aut
1197 444 1285 519 seria
1311 449 1414 518 sexta

331 569 397 642 pro
420 545 555 620 duobus
582 545 718 642 diebus,
737 555 773 620 et
797 549 979 621 sabbatum
998 571 1063 644 pro
1081 572 1151 620 uno
1174 549 1231 620 die
1258 549 1414 645 positum

332 657 396 721 222.
415 649 531 738 Quum
550 660 676 746 corpus
695 675 797 724 suum
820 653 858 724 in
874 651 1232 747 mysterium'mortis
1259 671 1343 726 suae
1362 651 1414 724 eis

265 844 267 853 Ι
331 753 613 827 manducandum
630 752 740 849 daret,
759 756 796 828 in
812 762 973 830 ventrem
991 779 1112 828 eorum
1134 756 1291 851 intravit,
1310 755 1415 829 sicuti

332 865 457 951 postea
473 859 511 930 in
524 865 665 931 terram.
684 859 731 930 Et
744 859 834 956 quia.
844 859 961 932 Adam
973 883 1045 934 non
1060 860 1256 954 benedixit,
1274 860 1415 956 quaudo

332 959 539 1038 inobediens
565 961 717 1035 fructum
744 964 964 1058 decerpebat,
991 964 1244 1037 benedixit
1269 963 1415 1036 Domi·

333 1089 417 1138 nus
444 1067 671 1160 etfregit.
700 1065 747 1138 Et
773 1066 876 1163 panis
901 1067 1079 1141 intravit¹
1108 1075 1145 1139 et
1174 1066 1416 1164 compensavit

332 1169 498 1250 damnum
524 1163 714 1262 aviditatis,
733 1195 803 1267 qua
829 1169 944 1242 Adam
970 1171 1176 1244 mandatum
1205 1171 1274 1243 Dei
1299 1177 1416 1244 trans·
1513 1169 1520 1184 ’

333 1275 478 1368 gressus
497 1281 560 1348 est.
579 1275 654 1346 Aut
671 1280 745 1349 tres
771 1275 847 1346 dies
874 1281 1104 1347 numerantur
1122 1275 1165 1358 de
1191 1275 1362 1348 descensu
1379 1281 1416 1346 22

333 1399 483 1451 ascensu
509 1377 532 1450 i.
550 1401 580 1450 2.
612 1377 700 1450 12212
731 1385 844 1470 sexta,
871 1379 1053 1451 sabbatum
1084 1385 1120 1451 22
1151 1377 1416 1452 122212122112

218 1542 221 1551 .
336 1480 449 1554 dixit:

437 1587 491 1660 In
525 1591 764 1683 posterum
799 1608 887 1660 non
921 1587 1073 1659 bibam
1100 1584 1415 1680 2212222221-

150 1703 156 1715 ’
202 1697 208 1702 ’
337 1689 456 1762 mine
483 1689 600 1764 vius
633 1687 1413 1790 numeremuuresauu

335 1795 604 1886 222222212222,
621 1817 659 1866 22
681 1793 872 1890 praescire,
889 1799 1029 1890 tempus
1047 1816 1157 1890 prope
1176 1816 1266 1886 2222,
1284 1815 1353 1888 quo
1371 1795 1416 1865 ab

336 1897 389 1969 eis
403 1899 623 1971 discessurus
642 1897 698 1970 sit.
712 1919 726 1954 s
740 1897 918 1994 Usque'ad
927 1920 1078 1992 regnum
1090 1897 1210 1969 Patris
1224 1895 1295 1968 mei
1307 1936 1335 1990 s,
1345 1895 1367 1967 i.
1387 1919 1417 1967 e.

335 2022 447 2097 usque
465 2001 510 2074 ad
527 2002 820 2075 resurrectionem
847 2024 971 2073 meam.
995 2001 1096 2088 Quod
1114 2001 1217 2072 12222
1243 2000 1364 2074 Simon
1381 1999 1420 2100 in

334 2104 485 2179 Actibus
510 2103 762 2202 Apostolorum
789 2105 934 2177 dicens:
966 2127 980 2162 a
1006 2103 1095 2177 Post
1119 2103 1417 2178 resurrectionem

314 2301 317 2308 ¹
335 2229 401 2301 per
422 2209 656 2305 quadraginta
672 2207 808 2280 dierum
826 2216 966 2304 tempus
993 2208 1129 2280 edimus
1148 2232 1226 2280 cum
1246 2231 1287 2279 22
1310 2213 1345 2280 22
1362 2207 1417 2280 bi-

336 2310 452 2386 bimus
469 2311 527 2406 21,
546 2312 679 2384 scilicet
696 2311 759 2384 illa
777 2312 833 2384 die
859 2311 975 2408 prima
998 2312 1240 2405 hebdomadis,
1258 2317 1298 2384 ut
1321 2317 1356 2383 22
1372 2310 1417 2384 11-

335 2409 420 2487 lud:
437 2416 547 2488 “Nou
565 2417 757 2510 gustabunt
773 2412 934 2508 mortem,
948 2416 1058 2492 donec
1079 2415 1248 2490 videbunt
1264 2415 1418 2510 regnum

338 2515 406 2590 Dei
424 2559 438 2595 n
454 2519 482 2611 ³,
501 2519 595 2614 quod
615 2525 696 2615 post
716 2541 779 2592 sex
798 2519 874 2592 dies
893 2520 1023 2592 evenit.

426 2624 555 2696 ,Ecce
592 2623 792 2696 Satanas
819 2623 1005 2720 accepit
1039 2622 1421 2720 permissionem,

338 2725 585 2800 cribrandi
621 2749 702 2800 vos
741 2732 789 2798 ut
827 2725 1053 2821 triticum,
1080 2734 1125 2800 et
1164 2750 1248 2823 ego
1288 2726 1420 2800 oravi

337 2829 524 2904 Patrem
560 2854 642 2928 pro
667 2836 730 2924 22,
757 2853 811 2902 22
839 2829 1040 2904 12112122
1064 2831 1189 2903 11122
1216 2835 1318 2903 222.Ι
1338 2830 1452 2902 Non·

339 2934 452 3007 dixit:
475 2935 584 3010 022νὶ
613 2957 678 3032 pro
697 2941 743 3030 te,
762 2942 802 3008 ut
832 2957 903 3008 non
933 2935 1093 3028 tenteris,
1112 2935 1174 3008 sed
1204 2959 1249 3008 ne
1280 2933 1421 3007 deficiat

338 3039 425 3112 fides
452 3046 523 3112 tua.
1449 3067 1452 3071 ·

442 3142 649 3215 Ostende
677 3144 810 3217 nobis
836 3143 1026 3224 Patrem
1052 3151 1097 3216 et
1123 3140 1315 3215 sufficit
1348 3163 1421 3212 no-

339 3245 422 3318 bis.
449 3245 638 3343 Philippus
656 3245 770 3343 petiit,
787 3253 827 3320 22
845 3247 1075 3344 corporaliter
1093 3247 1233 3320 videret
1263 3245 1420 3338 Patrem,

338 3350 361 3422 i.
382 3373 410 3420 e.
430 3351 670 3446 corporalibus
688 3351 810 3444 222112,
828 3351 881 3424 221
899 3351 1036 3448 priores
1048 3351 1149 3447 justi,
1173 3349 1234 3446 qui
1251 3349 1420 3422 viderunt
1547 3395 1552 3407 ·

339 3453 485 3549 angelos
508 3461 544 3525 et
568 3454 810 3550 archangelos.
838 3456 925 3527 Ideo
951 3455 1124 3528 Dominus
1152 3454 1196 3526 de
1224 3453 1345 3527 divina
1369 3451 1422 3526 vi-

340 3558 449 3651 sione,
469 3567 559 3654 quae
578 3558 707 3630 mentis
727 3558 837 3631 oculis
854 3559 1059 3656 percipitur,
1079 3559 1112 3630 ei
1134 3577 1345 3654 responsum
1361 3555 1425 3628 de·

340 3663 409 3756 dit3
427 3685 500 3735 non
518 3661 613 3736 enim
630 3661 722 3734 dixit
739 3661 785 3735 ad
803 3687 906 3736 oum:
928 3661 1039 3735 “Non
1052 3662 1192 3735 vidistis
1210 3701 1225 3736 η
1246 3661 1329 3758 quia
1345 3659 1423 3756 ipse

339 3766 508 3840 exteriori
525 3765 606 3840 visu
634 3765 667 3837 ei
693 3774 927 3864 apparuerat,
947 3765 1010 3839 sed
1038 3765 1110 3838 ait:
1129 3765 1230 3840 Non
1261 3785 1423 3860 cogno-

339 3870 481 3943 vistis
508 3893 584 3964 me‚
611 3869 695 3967 quia
722 3872 888 3969 majestas
907 3872 984 3970 ejus
1000 3869 1207 3946 abscondita
1233 3875 1321 3962 2222,
1348 3866 1371 3939 1.
1389 3875 1423 3939 2.

339 3973 370 4048 21
398 3997 455 4046 me
485 3973 760 4069 cognovissetis,
783 3982 958 4074 quatenus
993 3999 1065 4048 non
1095 3999 1173 4047 sum
1203 3972 1423 4065 manifestus,

339 4076 445 4150 etiam
461 4077 642 4152 vidissetis
672 4079 816 4155 Patrem
846 4103 975 4174 meum,
993 4080 1055 4178 qui
1084 4102 1155 4152 non
1186 4083 1344 4175 apparet.
1375 4073 1428 4149 112

421 4269 448 4322 1.
469 4263 514 4324 cf.
528 4265 606 4325 Rou.
621 4267 649 4342 5,
665 4269 700 4326 12
715 4288 723 4326 :
741 4268 933 4329 “Peccatum
946 4269 1073 4331 intravit
1085 4270 1115 4332 12
1134 4269 1215 4329 hunc
1239 4264 1383 4326 mundum
1397 4293 1424 4330 s.

418 4345 447 4402 2.
468 4342 512 4404 cf.
528 4345 603 4406 Aer·
618 4347 673 4405 ΑΡ.
691 4348 739 4422 10,
751 4349 799 4406 41.

417 4425 445 4482 3.
467 4423 566 4483 Mars.
585 4427 630 4504 16,
647 4427 696 4485 28.
