3256 5012
206 441 392 540 rosolymis
421 465 502 516 eum
520 441 730 537 occiderent,
748 441 927 518 Herodem
954 467 1092 540 quoque
1114 448 1150 516 et
1170 440 1286 516 Neza-

203 567 307 621 reeos
332 547 456 622 mortis
483 547 560 646 ejus
577 569 657 620 reos
675 545 797 640 fuisse,
824 553 860 618 et
884 545 1076 620 vindictam
1102 543 1286 619 occisionis

205 649 281 746 ejus
312 651 419 724 etiam
450 652 494 725 ab
528 651 579 724 eis
610 657 771 724 exactam
790 673 878 724 esse.
897 651 955 726 Ex
981 675 1050 748 quo
1072 651 1197 743 discas,
1215 671 1286 724 non

205 759 343 829 tantum
366 755 583 832 habitatores
600 754 700 828 urbis
725 751 921 832 Ierusalem
946 778 1078 852 poenas
1101 751 1285 849 sanguinis

206 857 282 954 ejus
307 857 392 932 dare
409 859 559 954 debere,
586 859 649 932 sed
667 865 703 932 et
720 880 852 952 omnes,
870 858 931 955 qui
957 881 1036 932 eum
1059 859 1225 933 viderunt
1252 861 1288 929 et
1326 910 1331 923 .

205 962 417 1059 rejecerunt,
434 962 559 1036 mortis
590 962 665 1060 ejus
695 985 777 1037 reos
800 963 915 1058 argui.
946 961 1126 1054 Dicendo:
1153 963 1287 1035 Inter

206 1064 429 1163 templum
466 1074 511 1142 et
537 1066 662 1140 inter
697 1065 871 1160 altare,
897 1065 1020 1164 populi
1048 1063 1220 1144 malitiam
1251 1087 1287 1136 o·
1403 1093 1404 1100 ¹
1436 1035 1438 1045 Ι

171 1227 173 1233 ,
207 1169 350 1264 stendit,
364 1170 504 1266 quiana
518 1170 634 1246 locum
648 1169 790 1267 quidem
804 1168 1017 1268 expiationis
1035 1169 1180 1245 reveriti
1193 1175 1285 1242 sunt.

208 1272 406 1363 Quoties
435 1273 567 1350 volui
599 1298 680 1348 vos
720 1273 1038 1371 congregare?
1069 1274 1162 1372 quod
1191 1272 1288 1347 idem

206 1383 263 1452 est
288 1399 329 1450 oc
354 1376 466 1454 illud:
495 1377 623 1452 “Ecce
644 1377 682 1452 hi
708 1386 781 1452 tres
809 1377 892 1454 anni
911 1385 1004 1474 sunt,
1021 1400 1067 1452 ex
1085 1402 1153 1474 quo
1171 1376 1286 1470 venio,
1318 1421 1320 1429 ·

82 1506 84 1512 ¹
206 1504 381 1579 quaerens
396 1481 550 1556 fructum
572 1504 618 1556 ex
633 1482 700 1558 hac
717 1479 867 1556 liculnea
884 1489 920 1558 et
937 1506 1008 1557 non
1030 1481 1172 1556 invenio
1190 1520 1205 1558 n
1221 1479 1247 1553 ³⁴.

192 1651 195 1658 .
313 1585 362 1660 si
388 1587 494 1681 quis
520 1585 733 1660 audierit
759 1589 903 1661 verba
928 1609 1025 1659 mea
1051 1593 1095 1658 et
1122 1609 1172 1660 ea
1201 1607 1290 1658 non

211 1689 570 1784 observaverit,
597 1712 681 1786 ego
706 1713 794 1762 non
832 1690 940 1765 novi
965 1713 1061 1763 eum
1083 1691 1208 1786 (lom.
1233 1691 1289 1780 12,

210 1792 255 1866 47
265 1793 281 1886 )
294 1791 320 1866 ².
340 1794 391 1866 At
407 1794 469 1868 ubi
485 1799 541 1867 est
558 1793 671 1868 illud:
696 1793 838 1868 “Pater
863 1794 1040 1868 neminem
1059 1794 1207 1891 judicat,
1227 1791 1290 1865 sed

209 1917 311 1970 omne
323 1895 497 1994 judicium
515 1898 607 1972 Filio
624 1896 770 1972 tradidit
787 1937 802 1974 n
818 1896 861 1970 ³?
880 1897 950 1974 Sed
967 1899 1050 1996 quia
1067 1897 1223 1972 medicus
1238 1901 1294 1968 est

209 1998 402 2094 hominum,
434 2000 541 2075 dicit:
581 2003 680 2076 Non
704 2001 813 2077 veni
839 2001 886 2076 in
923 2002 1041 2076 hunc
1067 2001 1290 2093 mundum,

208 2109 258 2178 ut
277 2103 486 2202 judicem
524 2105 749 2199 mundum,
777 2105 857 2178 sed
883 2111 933 2180 ut
958 2106 1135 2182 salvem
1173 2128 1292 2178 mun·

209 2205 320 2282 dum.
345 2207 394 2284 Et
410 2215 450 2281 ut
468 2210 682 2304 ostenderet,
700 2233 803 2283 omne
816 2207 989 2308 judicium
1006 2209 1186 2308 adipsum
1211 2231 1293 2306 per-

209 2310 334 2406 tinere,
366 2312 454 2386 haec
485 2313 609 2402 docet:
641 2311 729 2402 Qui
765 2336 853 2388 non
896 2313 1104 2413 suscipit
1146 2313 1293 2386 verba

209 2437 324 2592 pree,
350 2418 562 2513 verbum,
588 2419 715 2518 quod
737 2417 924 2494 loeutus
965 2441 1078 2514 sum,
1109 2440 1207 2491 eum
1226 2416 1294 2514 ju-

243 2518 366 2594 icat.

314 2624 759 2713 Quandovidebitis
788 2627 972 2724 signum
998 2625 1293 2718 terrorisde-

211 2724 469 2806 solutionis
496 2727 821 2826 ejus(Mrrs.24,
837 2731 908 2825 15).
932 2729 1051 2820 ,Quum
1082 2731 1167 2804 urbs
1193 2727 1293 2802 Ieru-

212 2829 323 2904 salem
349 2831 491 2929 saepius
517 2831 646 2926 diruta,
673 2834 735 2907 sed
762 2834 892 2909 iterum
917 2834 1099 2908 aedificata
1129 2839 1202 2926 est,
1228 2833 1295 2905 hoe

13 2925 14 2932 '
147 2957 150 2968 ’
213 2933 289 3008 loeo
315 2935 489 3010 Dominus
507 2936 551 3010 de
577 2935 725 3010 interitu
750 2931 856 3035 pleni)
876 2938 1063 3012 dirutionis
1090 2937 1167 3035 ejus
1194 2943 1229 3010 et
1246 2935 1291 3008 de

213 3037 459 3134 profanatione
473 3039 665 3114 sanctuarii
679 3042 755 3139 ejus
773 3041 940 3138 loquutus
957 3050 1023 3136 est,
1037 3042 1203 3140 quoniam
1215 3047 1297 3138 post

213 3139 280 3216 hec
297 3141 362 3216 illa
377 3144 415 3218 in
441 3167 506 3218 suo
532 3143 679 3220 interitu
705 3149 872 3241 manebit,
889 3146 912 3220 i.
931 3170 961 3220 e.
985 3147 1153 3236 oblivioni
1178 3145 1295 3219 trade-

213 3250 283 3321 tur.
309 3247 462 3322 Romani
479 3249 575 3322 intra
592 3249 765 3348 templum
782 3249 917 3326 vexilla
939 3273 1004 3323 sua
1030 3255 1239 3343 statuerunt,
1256 3249 1295 3322 in

214 3349 343 3446 quibus
369 3358 447 3427 erat
471 3352 588 3450 figura
612 3354 763 3450 aquilae,
780 3360 820 3428 ut
838 3359 873 3427 et
890 3354 1021 3428 dictum
1039 3361 1116 3426 est:
1145 3352 1295 3450 “Super

215 3453 284 3526 alis
299 3455 533 3530 immunditiei
558 3463 594 3530 et
623 3457 831 3556 perditionis
849 3497 864 3532 s
881 3457 906 3532 ²⁶.
934 3456 1124 3554 Signum
1151 3463 1297 3531 terro·

216 3556 284 3630 ris
323 3557 644 3634 desolationis
684 3563 801 3660 ejus,
840 3585 955 3658 quae
996 3563 1124 3636 dicta
1162 3566 1234 3633 est
1272 3584 1294 3632 a

217 3659 415 3748 Daniele
442 3665 681 3762 propheta.
711 3665 820 3740 “Alii
835 3666 967 3762 dicunt,
986 3666 1125 3764 signum
1149 3663 1296 3738 dirutio-

216 3763 272 3840 nis
290 3765 366 3865 ejus
382 3765 503 3862 fuisse,
517 3769 610 3864 quod
627 3768 781 3844 Romani
798 3777 903 3869 eaput
920 3771 1018 3868 porci
1038 3769 1294 3872 apportandum

298 4032 324 4087 1.
344 4026 419 4086 Luc.
435 4030 482 4103 13,
496 4031 524 4088 7.

295 4108 324 4166 2.
345 4107 470 4166 Aucher
492 4109 576 4168 recte
594 4111 729 4189 conjicit,
743 4131 798 4190 pro
815 4113 930 4179 “novis
947 4113 1108 4190 legendum
1133 4133 1201 4175 esse
1221 4131 1234 4163 o
1243 4120 1292 4194 ju-

220 4185 333 4259 dico„;
357 4204 428 4244 nam
451 4185 527 4247 haec
550 4189 646 4248 verba
668 4191 698 4249 in
718 4191 902 4254 Armeniaco
927 4193 1077 4255 simillima
1099 4200 1189 4271 sunt,
1209 4201 1240 4256 et
1263 4197 1293 4256 in

219 4265 300 4327 nullo
314 4269 406 4325 textu
419 4265 578 4343 Evangelii
590 4269 720 4331 habetur
738 4287 750 4320 o
763 4271 835 4332 novi
848 4303 872 4335 n.

298 4347 326 4404 3.
346 4346 431 4402 Iosu.
445 4347 473 4421 5,
488 4348 536 4405 22.

298 4424 526 4504 amem
