3218 5024
1212 342 1258 416 49

176 480 301 568 mater,
319 473 508 550 maledicta
524 480 589 570 est,
615 476 666 552 ita
683 482 828 574 propter
845 475 911 550 hoe
929 459 1068 572 corpus,
1095 475 1188 573 quod
1206 482 1261 548 est

175 577 255 674 ipsa
266 577 425 672 ecclesia,
440 603 530 676 quae
544 601 614 652 non
627 581 876 679 corrumpitur,
890 588 987 656 terra
1004 580 1080 678 ejus
1097 582 1142 654 ab
1158 579 1260 658 initio

130 725 133 730 -
176 681 362 755 benedicta
379 691 452 776 est,
470 690 566 756 terra
578 685 673 756 enim
687 685 880 758 ecclesiac¹
899 708 1026 781 corpus
1045 690 1099 756 est
1112 683 1261 776 Mariae,

178 785 215 856 in
241 809 311 880 qua
338 787 586 860 seminabatur.
612 789 716 880 Vide,
743 788 837 886 quod
862 789 981 886 reipsa
1015 787 1174 883 angelus,
1200 787 1262 883 qui

179 887 289 981 venit,
305 896 346 962 ut
364 913 441 963 eam
459 890 497 962 in
513 891 657 964 auribus
683 893 818 966 Mariae
836 892 938 988 quasi
964 913 1084 964 semen
1100 890 1262 964 demitte-

178 999 243 1088 ret,
270 992 367 1066 clara
391 1017 476 1066 voce
503 995 554 1067 ita
580 1019 701 1069 semen
715 1019 884 1093 spargere
901 995 1035 1090 coepit:
1056 1017 1071 1052 a
1089 993 1192 1068 Salus
1210 1001 1263 1068 te-

178 1118 269 1190 cum,
284 1097 345 1184 ait,
360 1098 545 1172 benedicta
555 1099 592 1171 in
605 1099 812 1174 mulieribus
821 1140 849 1176 a.
859 1101 907 1172 nt
920 1098 1105 1172 Elisabeth
1114 1100 1263 1173 verbum

177 1200 355 1295 posterius
373 1201 599 1276 confirmans:
621 1203 858 1295 «Benedicta,
876 1202 1002 1299 inquit,
1020 1225 1058 1274 es
1075 1209 1115 1274 tu
1132 1202 1170 1274 in
1186 1226 1263 1277 mu-

178 1300 413 1398 lieribus„,ut
423 1306 679 1402 ostenderetur,
688 1308 992 1406 propterprimam
1004 1312 1262 1403 matrem,qnae

178 1405 367 1482 maledicta
384 1415 449 1502 est,
477 1409 665 1483 secundam
683 1419 832 1486 matrem
859 1409 1040 1508 expressis
1065 1409 1183 1484 verbis
1200 1414 1262 1509 ap‘-

183 1509 353 1607 pellatam
371 1535 448 1585 esse
466 1513 696 1588 benedictam.

234 1678 236 1682 .
284 1614 387 1706 Quod
413 1615 527 1689 dixit:
567 1615 806 1692 Discessit
832 1620 884 1693 ab
911 1641 962 1691 eo
987 1617 1041 1692 ad
1067 1613 1262 1712 aliquod

180 1723 374 1816 tempus,
393 1719 504 1793 donec
522 1719 656 1794 scilieet
679 1744 718 1795 se
735 1729 976 1819 praepararet,
993 1728 1033 1794 ut
1049 1745 1114 1818 per
1131 1720 1263 1793 calum-

180 1821 277 1894 niam
294 1829 330 1894 et
346 1823 515 1897 invidiam
533 1824 735 1900 Scribarum
753 1826 936 1928 victoriam
954 1825 1097 1898 Domini
1114 1823 1263 1922 impedi·

181 1933 245 1998 ret.
273 1926 343 2000 Sed
370 1927 460 2000 siout
498 1927 609 2018 initio,
635 1929 686 2000 ita
712 1935 748 2002 et
774 1929 933 2004 devictus
953 1935 1007 2006 est
1024 1929 1062 2002 in
1079 1928 1161 2018 fine,
1179 1927 1264 2024 quia

179 2028 351 2104 Dominus
369 2038 481 2103 morte
500 2055 564 2102 sua
577 2031 765 2128 gloriosius
784 2034 827 2106 de
844 2056 885 2105 ec
899 2031 1164 2130 thriumphavit.
1183 2031 1264 2106 Re·

180 2137 254 2205 tro
280 2134 395 2208 vade
426 2136 607 2228 Satana,
635 2143 670 2209 et
697 2136 926 2233 exprobravit
951 2135 1006 2229 ei,
1031 2137 1114 2233 quia
1139 2135 1264 2208 immo·

180 2235 255 2308 dice
282 2239 451 2312 mentitus
477 2245 532 2311 est
558 2239 695 2312 dicens:
738 2239 892 2314 “Meum
910 2247 965 2316 est
982 2264 1162 2335 regnum„
1191 2262 1263 2312 non

179 2339 313 2414 veritus
330 2343 368 2415 id
385 2343 478 2440 quod
505 2342 687 2440 Scriptura
701 2343 807 2420 dicit:
837 2344 962 2417 “Deus
989 2345 1188 2416 dominatur
1205 2365 1264 2416 su·

178 2467 243 2541 per
270 2446 386 2520 omnia
411 2471 523 2542 regna
547 2446 740 2542 hominurn,
767 2456 803 2521 et
827 2448 884 2521 cui
909 2448 997 2544 vult,
1028 2447 1150 2524 dat²a⁸
1185 2447 1265 2520 Hoc

178 2547 297 2644 itaque
324 2551 417 2624 dicto
435 2549 581 2624 audacia
607 2559 643 2624 et
670 2553 836 2647 superbia
854 2553 1005 2627 Satanae
1031 2551 1177 2649 repulsa
1196 2557 1263 2646 est,

178 2675 243 2724 nec
259 2654 412 2756 amplius
429 2657 537 2729 verbo
556 2655 632 2753 ejus
650 2656 817 2729 resistere
834 2656 959 2754 potuit.
975 2655 1077 2746 Quod
1091 2655 1265 2728 Dominus

178 2754 273 2849 fecit,
290 2763 331 2829 ut
347 2765 571 2854 monstraret,
600 2759 685 2854 quid
710 2759 904 2856 increpatio
922 2759 1083 2834 veritatis
1102 2783 1185 2832 suae
1203 2783 1264 2832 va·

177 2857 279 2955 leret,
304 2869 413 2958 utque
440 2862 563 2936 fideles
592 2885 673 2936 suos
699 2863 902 2955 instrueret,
930 2887 990 2936 eos
1016 2864 1094 2960 ipso
1112 2861 1264 2936 donante

176 2965 294 3038 omnia
311 2967 402 3040 bona
419 2974 514 3040 certe
533 2989 613 3039 csse
632 2973 847 3062 accepturos.
866 2968 1113 3042 Venerunt
1130 2989 1262 3061 ange-

176 3065 212 3140 li
239 3076 284 3142 et
309 3070 649 3170 ministrabant
675 3073 727 3160 ei,
746 3077 787 3142 ut
803 3070 905 3145 nobis
921 3069 1085 3166 exemplo
1099 3069 1261 3142 ostende-

176 3179 242 3268 ret,
256 3181 338 3270 post
353 3174 568 3271 baptismum
581 3174 619 3246 in
632 3173 863 3249 tentationem
881 3181 917 3246 et
933 3181 1014 3271 post
1031 3172 1263 3248 tentationem

176 3274 215 3348 in
232 3300 383 3374 regnum
400 3301 538 3375 quoque
556 3277 733 3351 coelorum
754 3302 819 3352 nos
836 3301 914 3352 esse
931 3277 1135 3352 intraturos.

282 3381 374 3469 Quia
387 3381 552 3480 discipuli
563 3381 706 3458 Ioannis
723 3386 790 3458 hcc
802 3381 963 3478 magistri
981 3382 1036 3456 sui
1049 3379 1262 3476 colloquium

177 3505 256 3556 cum
283 3484 434 3559 Domino
467 3485 663 3580 audierant,
699 3487 920 3582 reliquerunt
955 3509 1035 3558 eum
1060 3492 1097 3557 et
1123 3483 1263 3579 sequuti

177 3593 261 3660 sunt
277 3587 468 3662 Dominum
486 3591 576 3687 (Ion.
599 3593 632 3676 1,
653 3592 787 3684 35-41).
806 3589 979 3678 Quoniam
999 3590 1109 3662 “Vox
1122 3626 1140 3663 n
1158 3585 1263 3660 disci-

177 3690 281 3788 pulos
294 3693 389 3790 apud
404 3717 441 3792 se
450 3701 571 3768 tenere
585 3716 656 3765 non
669 3695 794 3790 potuit,
808 3693 887 3766 ideo
902 3717 962 3766 eos
976 3691 1073 3764 misit
1086 3691 1132 3764 ad
1147 3689 1263 3764 “Ver-

177 3795 261 3868 bum
274 3836 302 3872 n.
329 3796 552 3871 Conveniens
580 3796 712 3871 scilicet
738 3805 825 3891 erat,
851 3803 1044 3895 apparente
1069 3795 1148 3868 luce
1176 3793 1262 3868 solis

177 3894 341 3974 lucernae
354 3900 475 3974 lumen
489 3900 617 3975 subire.
631 3901 773 3974 Etenim
790 3903 880 3976 hanc
893 3903 937 3976 ob
951 3923 1092 3976 oausam
1108 3899 1261 3972 Ioannes

179 4001 217 4073 in
234 4003 325 4078 vivis
343 4004 548 4103 permansit,
563 4009 603 4078 ut
613 4006 826 4103 baptismum
845 4008 947 4078 s'uum
963 4003 1138 4103 baptismo
1157 3999 1261 4076 Chri·
1364 4021 1367 4028 '

261 4213 288 4270 1.
307 4210 358 4270 Ad
371 4213 499 4272 verbum
525 4211 695 4289 stamphe,
717 4212 798 4290 quod
820 4215 851 4272 h.
868 4213 889 4272 1.
904 4210 1067 4273 ecclesiam
1087 4208 1260 4286 significare

183 4305 224 4425 qixs
237 4291 504 4431 qoprtiqiqtqsltiquet.
517 4293 555 4350 In
569 4289 636 4352 cod.
650 4292 691 4351 B:
706 4293 802 4354 Terra
812 4292 891 4354 enim
904 4293 981 4354 haec
994 4289 1140 4370 templum
1153 4303 1260 4366 corpo·

258 4450 287 4507 2.
307 4447 512 4512 Probabiliter
527 4467 567 4508 ex
581 4449 623 4509 Is.
638 4451 687 4525 ³7,
704 4451 749 4511 16.
1081 4530 1104 4600 4
