3280 5028
206 448 389 540 praestare
415 465 488 529 non
510 447 661 540 poterat,
678 442 743 520 sod
769 440 851 538 quia
873 440 1101 540 sambatium
1126 439 1291 517 oie'utilo

206 571 281 620 non
300 547 388 624 vfora
415 547 559 646 Moyses
577 547 673 626 enim
696 545 734 618 id
760 545 811 620 eia
837 547 932 642 feeit,
948 569 1014 620 neo
1039 546 1185 646 profuit,
1203 548 1292 644 quin

208 651 318 728 immo
330 659 458 748 ,postas
474 676 495 724 a
512 651 653 726 foedere
672 651 748 748 ejus
766 652 884 726 auersi
901 657 1044 734 suntet
1063 673 1180 728 moros
1206 673 1291 727 suos

207 753 461 852 depravarunt,
760 803 762 808 -
805 797 828 818 κ
1287 809 1289 816 .

240 943 242 948 ,
310 860 361 932 At
377 859 550 936 Dominus
567 881 639 932 non
657 881 829 955 spernens
846 859 940 934 dona
963 857 1137 932 mittentis
1160 881 1210 954 sa,
1228 859 1293 934 aed

207 961 416 1059 vituperans
433 971 634 1059 aooeptores
653 963 837 1058 donorum,
855 963 1106 1060 soiens,quem
1130 963 1236 1040 finem
1254 988 1292 1038 a-

207 1089 329 1140 marus
345 1091 468 1144 aarum
484 1067 621 1142 animus
639 1067 796 1160 haberet,
815 1067 907 1142 dixit
930 1068 1054 1141 adeas
1068 1091 1084 1140 t,
1103 1067 1191 1142 Hie
1220 1075 1295 1141 eut

207 1171 366 1265 panis,
392 1171 468 1268 qui
495 1159 744 1247 deseendit
767 1169 822 1243 da
848 1171 1000 1266 ooelo,
1026 1171 1066 1244 ei
1098 1171 1203 1268 quis
1235 1195 1292 1248 ex

208 1295 260 1346 eo
286 1276 613 1368 manducabit,
635 1297 737 1359 num
764 1274 1115 1353 etmarieturi¹
1148 1276 1294 1372 Nequa-

209 1399 329 1472 quam,
343 1379 439 1474 dioit,
453 1379 674 1476 quiahioost
683 1378 797 1475 panis,
809 1378 870 1476 qui
884 1379 950 1452 toti
960 1379 1093 1478 mundo
1107 1378 1213 1456 datus
1227 1387 1294 1455 est.¹

208 1479 328 1578 Moysi
352 1507 424 1558 non
449 1484 643 1581 perfeetum
666 1481 802 1554 Manna
827 1481 948 1556 datum
966 1483 1134 1575 est-ideo
1160 1482 1296 1560 Manna

211 1585 288 1680 ejus
306 1587 390 1660 solia
417 1587 593 1662 Israelitis
611 1587 769 1660 dabatur.
788 1587 841 1663 Ut
857 1593 977 1661 autem
1003 1588 1216 1682 ostenderet,
1234 1587 1299 1660 do*

209 1686 267 1762 nis
285 1692 359 1766 suis
373 1690 613 1786 donaMoysis
631 1691 804 1787 superari,
823 1689 927 1764 sicuti
939 1691 1121 1765 uooatione
1136 1691 1297 1788 gentium

209 1796 348 1876 uooatio
360 1795 483 1892 populi
497 1795 606 1870 durae
619 1793 773 1868 -oerviois
787 1801 987 1894 superatur,
1001 1795 1107 1879 dioit:
1126 1795 1298 1892 Omnis,

97 1909 100 1913 '
210 1899 290 1994 qui
316 1893 568 1986 manducat
595 1923 651 1972 ox
675 1899 760 1972 hoo
786 1898 1296 1996 panariuetinaeter-

208 2025 324 2075 num.
352 2003 444 2092 Quia
469 2003 573 2101 panis
598 2003 670 2076 Dei
690 2003 876 2079 deseendit
892 2003 935 2076 de
963 2001 1072 2097 caelo,
1098 2002 1205 2077 etiam
1230 2005 1298 2078 toti

207 2107 342 2179 mundo
368 2107 471 2182 datus
503 2114 568 2181 est.
599 2108 739 2181 Nemo
765 2113 924 2205 potest
950 2107 1004 2180 ad
1030 2129 1095 2180 me
1120 2108 1297 2204 venire,

208 2210 308 2285 nisi
348 2211 505 2305 Pater,
530 2211 609 2310 qui
646 2209 779 2284 misit
804 2233 880 2305 me,
912 2211 1073 2284 trahet
1106 2233 1203 2284 eum
1242 2213 1297 2286 ad

207 2313 254 2410 ip
267 2314 395 2388 sumt
411 2315 512 2410 Quod
532 2315 634 2408 dixit,
648 2319 688 2386 ut
700 2313 869 2388 doctrina
884 2313 996 2388 aDeo
1014 2314 1068 2388 eis
1085 2314 1167 2388 data
1184 2315 1222 2388 in
1244 2316 1298 2390 eis

208 2417 255 2490 ad
274 2417 465 2492 effioaoiam
491 2419 717 2494 excitaretur.
737 2421 807 2493 Ast
825 2417 887 2508 ubi
915 2425 968 2492 est
985 2418 1096 2498 illud:
1113 2416 1192 2515 Ego
1219 2442 1298 2493 sum

208 2521 316 2596 uiaet
325 2531 430 2619 porta
443 2521 741 2598 orium³iPorro
756 2521 848 2596 dixit
861 2522 938 2616 hoo,
947 2529 987 2596 ut
999 2523 1243 2620 unusquisque
1253 2545 1300 2598 ox
1390 2603 1394 2616 ,

209 2627 263 2700 eis
274 2627 449 2722 persuetus
463 2628 576 2720 fieret,
591 2633 771 2720 tamquam
787 2649 808 2698 a
821 2625 899 2698 Deo
912 2633 1058 2720 tractus,
1069 2634 1105 2700 et
1117 2627 1184 2700 hoo
1195 2627 1301 2701 modo

208 2739 313 2811 oerta
328 2732 405 2828 ejus
428 2729 610 2828 possessio
635 2730 812 2802 euaderet.
841 2730 911 2818 Qui
938 2731 1033 2804 enim
1052 2729 1097 2802 ad
1116 2729 1301 2804 Christum

207 2842 400 2928 uenerunt,
418 2835 524 2933 juxta
545 2857 675 2908 nomen
693 2833 812 2906 Patris
839 2833 1011 2932 appellati
1038 2841 1132 2928 suut,
1150 2834 1211 2930 qui
1237 2857 1301 2907 au·

208 2944 285 3012 tem
301 2941 496 3036 perierunt,
510 2941 618 3037 juxta
633 2961 762 3010 nornen
777 2937 941 3012 Satanae.
962 2959 977 2996 o
994 2937 1043 3011 Et
1060 2961 1164 3010 nemo
1183 2961 1229 3010 ex
1247 2938 1299 3012 oia

208 3043 331 3138 periit,
349 3043 418 3117 nisi
439 3043 553 3118 Filius
579 3041 789 3140 perditionis
804 3039 819 3088 ¹⁸
833 3079 860 3116 a.
879 3041 996 3114 Simili
1022 3042 1160 3114 ratione
1187 3065 1300 3138 popu-

207 3145 276 3226 lus·
293 3146 419 3242 lsrael,
440 3148 501 3244 qui
518 3153 739 3244 peooaverat,
750 3145 857 3242 juxta
882 3168 1012 3218 nomen
1037 3143 1174 3242 Moysis
1197 3169 1301 3219 voua-

209 3257 272 3324 tus
290 3257 356 3344 est,
370 3251 453 3348 quia
466 3252 504 3324 in
517 3251 653 3348 Moysis
672 3250 881 3324 auctoritate
901 3251 1094 3346 perstabat.
1114 3248 1201 3338 Qui
1218 3273 1301 3323 ma-

209 3354 385 3428 ledicit
422 3356 553 3454 patri
592 3378 676 3428 suo
712 3361 789 3428 aut
822 3354 960 3426 matri
987 3377 1108 3448 suae,
1148 3361 1301 3427 morte

209 3459 443 3535 moriatur
461 3459 597 3557 (Maon
609 3461 664 3552 15,
681 3459 795 3554 1-12),
807 3458 917 3554 etqui
933 3457 1159 3555 blasphemat
1171 3456 1300 3554 Deum,
1347 3494 1351 3502 ⁴

295 3713 322 3771 1.
343 3711 378 3768 In
394 3709 460 3770 ood.
474 3709 519 3770 B:
544 3707 639 3770 “Non
651 3706 799 3767 morietur
811 3737 837 3770 a.
858 3704 973 3766 Sensus
986 3702 1127 3763 lootionis
1142 3699 1257 3763 codicis
1270 3702 1301 3762 A

156 3817 162 3822 ·
208 3791 263 3852 hio
278 3791 343 3856 est:
363 3789 444 3850 Num
457 3789 606 3848 moriatur
628 3787 816 3846 manducans
829 3803 870 3844 ex
884 3787 942 3845 hoo
963 3787 1064 3863 pano?
1088 3783 1300 3860 Nequaquam,

209 3870 379 4010 respfindqt
392 3869 565 4008 Dor(rini1]13us,a
564 3867 696 4004 quialirio
710 3867 797 4004 ponite
818 3865 857 4002 atd
870 3865 964 4004 &aas
976 3860 1301 4002 dibirigtffiundlitgdgi:

209 3957 276 4094 Ielgtn
289 3967 445 4101 meoorineothrq
460 3967 534 4086 dieii
545 3963 854 4102 Ddrinlinldsaflqrpiiaehsio
864 3963 960 4100 panis,
976 3961 1036 4081 οὑξ.
1137 3971 1163 4080 ἡ

293 4111 322 4167 2.
343 4109 380 4166 In
395 4107 460 4166 ood.
475 4106 517 4165 B:
535 4106 698 4167 eadmer„

291 4189 320 4246 3.
340 4184 577 4264 Objeotionom:
603 4181 763 4256 Quomodo
792 4179 932 4242 Christus
958 4178 1010 4238 ria
1034 4176 1171 4240 fidolium
1195 4177 1302 4240 vocari

208 4267 323 4349 possit,
350 4266 377 4326 si
402 4266 495 4325 Pater
525 4280 579 4324 eos
603 4263 707 4336 trahit,
734 4280 759 4323 s.
781 4263 890 4324 auotor
916 4275 1065 4338 responso
1094 4257 1219 4338 dignam
1239 4273 1303 4322 uon

213 4345 344 4410 censuit.

296 4430 324 4485 d.
345 4423 429 4488 lom.
451 4423 497 4498 17,
515 4423 561 4488 12..
