3218 5024
170 491 291 583 aperte
319 482 371 558 eis
397 484 488 558 dixit
521 484 576 558 his
603 485 745 559 verbis:
784 485 831 560 Si
866 508 933 558 me
969 467 1252 583 persequdti

171 594 664 688 sunt,persequentur
691 596 735 662 et
760 615 852 663 vos.

272 693 464 767 nedixit:
500 695 565 766 Ne
600 692 764 766 timete
800 717 877 766 eos
912 692 990 790 qui
1026 692 1250 766 occidunt

167 819 354 892 corpus,
381 797 576 871 animam
603 803 755 869 autem
785 821 874 870 non
899 803 1099 894 possunt
1133 798 1250 870 oeci·

166 900 248 972 der
259 923 288 972 e.
304 901 356 974 Et
374 924 452 974 ecce
469 901 631 976 videmus
650 924 709 973 eos
723 901 850 997 quibus
867 901 1066 974 dicebatur:
1084 923 1099 957 κ
1117 902 1249 974 Omnes

164 1003 339 1098 fugietis„
359 1005 518 1101 singulos
537 1029 574 1078 se
593 1004 719 1078 offerre
731 1005 769 1077 in
783 1004 991 1078 sacrificium
1007 1002 1134 1098 laudis,
1147 1005 1185 1077 in
1198 1011 1250 1077 te-

167 1107 373 1180 stimonium
407 1109 563 1182 omnium
589 1108 758 1204 gentium.
793 1110 868 1181 Aut
893 1107 1058 1204 quoniam
1085 1132 1250 1205 magnam

164 1217 379 1306 potestatem
406 1212 456 1286 eis
483 1213 640 1306 dederat,
665 1235 774 1307 quum
800 1234 860 1284 eos
887 1209 1047 1306 eligeret,
1079 1211 1162 1307 quia
1187 1213 1250 1286 illo

164 1323 326 1411 tempore
345 1316 381 1388 id
399 1317 637 1390 necessarium
655 1323 743 1408 erat,
761 1314 851 1406 ideo,
868 1338 913 1386 ne
931 1315 975 1387 de
992 1315 1059 1387 hac
1074 1322 1249 1411 potestate

164 1418 403 1514 superbirent,
422 1443 482 1494 ecs
500 1419 659 1494 exercuit
675 1419 713 1490 in
729 1419 927 1493 humilitate
946 1418 1084 1492 dicens:
1100 1419 1147 1493 Si
1165 1421 1203 1518 ej
1215 1444 1250 1492 e·

166 1521 1246 1619 cerintrosexillaciritate,fugiteinaliam.

164 1625 284 1700 Simili
299 1627 403 1700 modo
420 1627 604 1722 Dominus,
618 1628 702 1700 dum
719 1626 813 1724 apud
831 1649 890 1700 eos
910 1632 997 1720 erat,
1017 1627 1068 1698 eis
1085 1651 1157 1700 non
1170 1651 1250 1701 con-

164 1731 285 1824 cessit,
304 1731 398 1827 quod
415 1733 639 1829 postularunt
657 1730 835 1803 dicentes:
865 1753 880 1788 u
897 1730 1022 1825 Visne,
1040 1731 1197 1806 dicemus
1214 1739 1251 1804 et

165 1831 359 1906 descendet
376 1835 470 1930 ignis
488 1841 524 1907 et
541 1837 721 1908 comburet
739 1857 799 1906 eos
813 1834 830 1905 ?
842 1833 889 1909 ἠ.

270 1938 318 2010 Et
334 1939 417 2034 quia
434 1939 600 2036 discipuli
617 1938 711 2036 apud
730 1961 767 2012 se
786 1938 1008 2033 cogitarunt:
1028 1938 1120 2027 Quia
1138 1939 1247 2014 dixit:

168 2061 184 2095 α
202 2041 262 2113 Ad
280 2041 519 2116 Samaritancs
537 2050 573 2115 et
586 2041 738 2139 gentiles
755 2065 800 2113 ne
818 2041 976 2117 abieritis
994 2081 1022 2136 a,
1041 2049 1077 2115 et
1094 2043 1249 2118 addidit:

168 2166 184 2200 α
204 2144 243 2216 Si
260 2169 323 2217 vos
342 2147 510 2242 ejecerint
526 2170 572 2219 ex
590 2170 662 2218 una
678 2145 832 2240 civitate,
854 2145 966 2241 fugite
985 2145 1022 2218 in
1040 2145 1146 2219 aliam
1163 2187 1192 2242 a,
1219 2149 1250 2222 si

164 2247 361 2321 defecerint
386 2253 504 2344 urbae,
531 2249 616 2346 quid
636 2249 830 2322 faciemus?
847 2245 927 2323 ideo
953 2249 1109 2323 animum
1130 2275 1252 2325 eorum

163 2350 321 2426 firmavit
347 2353 491 2427 dicens:
518 2356 660 2427 Amen
685 2352 789 2424 dico
824 2351 973 2446 robis,
1013 2377 1101 2428 non
1126 2363 1250 2451 pote·
1303 2447 1310 2456 ,

164 2451 282 2529 ritis
308 2479 627 2530 consummare
653 2457 724 2530 has
750 2458 902 2551 urbes,
938 2457 1082 2530 donec
1116 2482 1250 2533 rene·

165 2583 217 2631 ro
245 2560 298 2631 ad
324 2583 414 2634 vos.
441 2560 533 2650 Quia
557 2567 638 2658 post
655 2560 949 2634 resurrectionem
966 2568 1138 2636 venturus
1164 2573 1252 2660 erat,

165 2663 241 2734 ait:
271 2665 386 2737 “Non
403 2665 565 2761 poteritis
588 2687 830 2738 consummare
856 2687 978 2738 omnes
996 2669 1114 2761 urbes,
1140 2665 1252 2741 donec

164 2791 234 2863 ego
252 2790 383 2840 venero
401 2769 526 2842 advos
544 2808 572 2843 η.
589 2767 769 2842 Nimirum
786 2767 831 2840 ad
848 2771 967 2861 urbes,
993 2793 1062 2866 quo
1080 2771 1156 2868 ipse
1175 2779 1251 2846 erat
1335 2775 1337 2780 '

163 2878 349 2958 venturus,
370 2894 430 2944 eos
446 2871 553 2945 misit.
570 2873 668 2945 Aut:
699 2892 714 2930 o
731 2869 814 2942 Non
830 2872 994 2968 poteritis
1013 2896 1072 2946 eas
1090 2897 1250 2948 consum-

164 2999 265 3047 mare
284 3015 312 3068 a,
340 2975 526 3070 significat,
553 2976 647 3072 quod
664 2975 778 3049 virtus
804 2973 916 3071 ipsius
942 2982 1023 3072 post
1039 2975 1196 3050 triduum
1214 2987 1250 3051 et

164 3087 250 3174 post
266 3079 559 3162 resurrectionem
578 3103 679 3151 suam
692 3078 719 3172 ²,
737 3100 826 3174 quae
840 3084 895 3150 est
908 3079 1080 3152 adventus
1099 3081 1186 3176 ejus,
1204 3082 1250 3154 ad

130 3239 134 3246 .
166 3205 229 3254 eos
255 3188 407 3257 ventura
439 3189 525 3256 erat.
552 3185 614 3276 At,
643 3182 788 3256 sibene
823 3181 1050 3277 attondimur,
1085 3183 1177 3257 dixit
1197 3185 1250 3268 ad

166 3309 242 3384 eoa,
268 3287 361 3384 quod
387 3286 570 3383 ejicientur
597 3310 643 3358 ex
660 3283 781 3359 multis
807 3283 1020 3379 civitatibus,
1044 3294 1080 3359 et
1097 3286 1249 3384 postea³

164 3390 219 3462 eis
247 3391 454 3487 apparebit;
480 3414 605 3464 revera
630 3397 750 3464 tamen
766 3389 816 3462 ita
832 3413 903 3462 non
920 3389 1014 3484 fecit,
1045 3391 1107 3463 sed
1128 3415 1250 3466 eorum

163 3493 436 3590 pusilanimitati
454 3499 518 3567 s'ua
539 3494 758 3592 apparitione
785 3493 900 3596 subito
926 3516 1029 3591 opem
1046 3495 1151 3590 tulit;
1171 3505 1251 3594 post

162 3597 462 3671 resurrectionem
487 3598 582 3670 enim
608 3599 660 3672 eis
686 3596 861 3695 apparuit,
887 3619 948 3671 eos
975 3599 1186 3674 confortavit
1212 3609 1249 3675 et

162 3701 378 3776 insufflando
395 3702 589 3778 renovavit.

245 3987 272 4042 1.
291 3983 365 4042 Luc.
378 3986 406 4058 9,
421 3985 469 4042 54.

242 4065 272 4121 2.
292 4062 341 4120 Ad
354 4063 500 4122 verbum:
515 4061 591 4122 Post
603 4063 736 4124 triduum
747 4065 818 4140 post
829 4062 1086 4123 resurrectionem
1096 4081 1181 4123 snam
1193 4081 1201 4138 3
1212 4063 1244 4124 in

162 4141 269 4202 codB
283 4142 379 4200 :Post
392 4142 527 4200 triduum
540 4144 778 4202 resurrectionis
795 4157 879 4202 suae.

244 4223 272 4278 3.
291 4221 329 4278 In
341 4221 399 4280 hac
413 4221 543 4280 acutiori
557 4221 808 4300 interpretatione
822 4238 884 4280 vox
909 4235 923 4266 a
936 4224 1046 4298 postea
1058 4252 1071 4284 a
1088 4221 1243 4298 premitur,

160 4299 252 4377 quasi
272 4299 395 4374 longum
416 4301 561 4376 temporis
581 4299 775 4361 intervallum
796 4299 877 4359 inter
899 4300 1119 4377 Apostolorum
1140 4319 1244 4379 perse·

161 4378 340 4456 quntionem
356 4383 387 4438 et
401 4377 514 4437 Christi
528 4380 693 4441 adventum
709 4379 906 4457 significaret,
921 4377 1002 4456 qnod
1026 4379 1186 4440 aDomino
1202 4397 1242 4440 cx

159 4455 376 4520 misericordia
388 4457 559 4518 breviatum
573 4463 629 4518 est.
