3280 5028
1288 189 1292 226 l

226 459 316 560 loco,
334 461 459 560 inquo
484 463 715 538 recordantur
742 466 811 538 mei
837 462 989 537 nominis
1004 459 1027 532 ⁴.
1055 459 1208 554 Rursus,
1224 458 1309 555 quia

201 585 204 590 ·
226 566 533 652 mulierdixerat:
556 591 571 626 u
588 571 663 643 Vos
681 570 808 664 dicitis,
825 570 868 642 iu
879 565 1074 654 Ierusalem
1097 571 1236 636 ¹tautum
1254 567 1309 636 est

225 667 324 744 locus
343 671 569 768 adorationis,
587 681 622 746 et
639 682 758 771 patres
775 673 890 747 nostri
907 673 945 745 iu
961 672 1028 744 hoc
1046 675 1163 740 monte
1185 667 1309 740 adora-

226 782 394 868 verunt„
415 783 455 848 ut
473 777 506 848 ei
526 779 741 873 ostenderet,
754 779 870 850 Deum
887 801 957 850 non
976 799 1052 848 esse
1080 770 1311 869 corporalem,
1422 784 1424 790 ’

226 876 299 950 ait:
326 877 551 956 Profecto
578 881 680 955 dico
707 883 819 956 tibi:
846 883 940 956 Nec
965 878 1011 952 in
1036 880 1119 951 hoo
1144 881 1306 966 monte,

226 1003 310 1054 nec
339 982 394 1056 ·in
432 986 698 1060 Ierusalem
738 987 1009 1076 adorabunt,
1037 980 1114 1054 scd
1139 979 1241 1052 veri
1268 1001 1306 1050 a·

226 1085 478 1161 doratores
505 1091 767 1166 adorabunt
787 1089 931 1162 Patrem
948 1083 1309 1190 pffr—Qliluffissbt

222 1195 329 1280 Q
348 1191 395 1262 in
421 1194 631 1268 ueritate
650 1235 678 1270 n.
708 1195 812 1268 “Nec
829 1194 866 1266 in
883 1194 950 1268 hoe
976 1199 1107 1283 monte,
1127 1211 1194 1261 nec
1210 1188 1308 1260 Iero-

226 1293 373 1389 solymis
391 1296 599 1391 adorabunt,
618 1339 632 1374 a
652 1322 721 1395 quo
739 1297 904 1392 ostendit,
923 1294 1163 1369 adorationem
1180 1291 1255 1363 fore
1270 1291 1307 1362 in

224 1397 392 1472 universa
404 1406 502 1474 terra
513 1409 594 1499 post
610 1403 714 1476 ficum
727 1401 903 1476 excissam
915 1401 941 1495 ²,
960 1423 1049 1497 quus
1067 1395 1306 1472 adorationem

222 1499 449 1598 impediebat.
1207 1597 1210 1604 ἢ

329 1606 376 1680 si
402 1609 486 1704 ris,
525 1609 730 1704 Domino,
757 1615 891 1706 potes
918 1632 984 1682 me
1024 1629 1202 1680 sanare.
1237 1601 1307 1676 Le·

223 1732 350 1806 prosus
368 1712 420 1784 ita
437 1737 556 1786 aecum
573 1713 772 1810 cogitabat:
794 1737 809 1772 e
825 1713 989 1788 Forsitan
1006 1712 1124 1808 legem
1143 1711 1308 1786 observat

223 1819 264 1884 ut
281 1814 456 1912 Elisaeus,
469 1817 530 1914 qui
548 1819 593 1891 ad
610 1819 773 1892 Naaman
790 1842 861 1891 non
878 1818 990 1892 exivit
1007 1855 1035 1910 a,
1050 1813 1142 1912 quod
1161 1811 1306 1886 dubium

222 1915 396 1994 Dominus
429 1943 509 1993 eum
540 1922 718 2018 tangendo
760 1922 866 1996 solvit
896 1929 931 1994 et
962 1920 1090 2011 docuit,
1108 1914 1307 2014 legislatori

220 2017 339 2114 legem
371 2026 511 2098 obstare
531 2049 603 2100 non
631 2049 746 2123 posse.
764 2029 839 2101 Aut
856 2025 1018 2123 leprosus
1050 2023 1308 2118 suspicabatur,

222 2147 304 2195 curn
323 2127 445 2223 alege
472 2129 629 2202 alienum
647 2137 683 2204 et
708 2130 781 2226 legi
799 2128 1012 2222 contrarium
1040 2151 1136 2221 esse;
1154 2147 1306 2222 quapro-

221 2235 302 2324 pter
320 2229 493 2306 Dominus
511 2233 651 2312 occulte⁴
666 2241 701 2307 et
719 2233 857 2331 publice
877 2256 957 2306 eum
976 2231 1124 2323 sanavit,
1141 2254 1187 2301 nc
1205 2225 1306 2302 forsi-

220 2337 284 2404 tan
302 2337 532 2432 corporaliter
550 2344 695 2411 sanatus
722 2337 954 2435 spiritualiter
981 2336 1147 2410 damnum
1168 2341 1307 2431 patere-

222 2439 290 2510 tur.
331 2439 479 2534 Vade,
517 2442 713 2515 ostende
748 2449 792 2514 tc
819 2441 1025 2540 ipsumsi,
1052 2439 1074 2511 i.
1103 2462 1132 2510 e.
1160 2444 1306 2536 propter

219 2542 421 2632 sacerdotes
440 2546 586 2618 ostende
604 2552 649 2618 te.
668 2546 760 2634 Quia
776 2546 954 2638 timuerat,
972 2543 1164 2617 Dominum
1180 2550 1305 2638 tauge-
1334 2591 1337 2600 ‚

218 2668 272 2736 re,
290 2669 335 2718 ne
353 2647 572 2722 immundum
591 2673 671 2722 eum
689 2650 830 2742 laceret,
840 2649 1012 2722 Dominus
1030 2649 1107 2744 ipse
1126 2671 1207 2720 eum
1226 2647 1307 2720 teti-

218 2749 285 2842 git,
304 2758 343 2821 ut
362 2751 395 2822 ei
412 2753 627 2848 ostenderet,
655 2775 692 2826 se
710 2777 781 2826 non
806 2761 942 2828 tantum
963 2775 1028 2850 per
1047 2775 1128 2824 eum
1155 2751 1306 2824 immun·

219 2851 305 2924 dum
324 2877 395 2930 non
425 2855 514 2951 fieri,
534 2857 597 2930 sed
624 2863 659 2930 et
685 2856 943 2930 immunditiam
971 2880 1034 2930 suo
1064 2855 1230 2928 mandato
1260 2857 1321 2928 ab

218 2955 411 3044 immundis
438 2961 618 3056 aufugere.
643 2961 745 3050 Quod
772 2961 944 3034 Dominus
970 2959 1112 3056 leproso
1140 2958 1304 3051 ostendit,

217 3059 257 3133 id
283 3067 424 3136 tentans
452 3065 551 3161 operi
577 3064 825 3138 accomodavit.
844 3067 1047 3160 Antequam
1072 3063 1110 3134 in
1135 3061 1204 3134 fide
1224 3086 1304 3136 eum

218 3170 386 3260 tentaret,
404 3175 552 3242 noverat
570 3192 669 3261 curn,
688 3175 825 3242 tentare
854 3168 947 3240 enim
975 3167 1051 3240 sine
1070 3165 1306 3262 praescientia

215 3266 458 3362 ignorantium
490 3279 554 3344 est.
594 3271 766 3345 Dominus
810 3271 1010 3346 succensuit
1052 3270 1193 3365 utrique
1207 3269 1241 3366 a,
1274 3269 1305 3342 si

215 3372 314 3444 enim
332 3373 511 3470 leprosum
529 3400 601 3448 non
617 3383 791 3472 tangeret,
809 3375 926 3472 opinio
946 3371 1021 3472 ejus
1043 3397 1108 3471 per
1132 3375 1199 3447 boc
1225 3399 1306 3449 oon-

217 3476 437 3573 firmabatur,
456 3479 647 3553 Dominum
664 3504 686 3552 a
701 3480 803 3578 lepra
820 3480 965 3574 timere3
985 3487 1020 3552 et
1039 3477 1069 3550 si
1087 3502 1167 3550 eum
1182 3486 1305 3576 tange-

208 3585 286 3673 ret,
305 3583 518 3656 contrarium
544 3584 581 3656 iu
606 3590 761 3656 mentem
788 3584 864 3680 ejus
886 3583 1097 3676 incurrebat,
1115 3581 1305 3658 Dominum

217 3683 464 3758 adversarium
484 3711 562 3760 esse
579 3687 682 3782 legis.
708 3689 794 3760 Ideo
813 3688 1010 3762 extendens
1036 3711 1179 3760 manum
1206 3711 1305 3760 suam

218 3786 444 3862 divinitatem
471 3791 627 3864 ostendit
652 3799 688 3864 et
714 3791 973 3864 immunditiam
1010 3791 1171 3887 expulit,
1197 3792 1306 3864 verbo

214 3899 338 3965 autem
356 3893 428 3966 oris
447 3895 502 3967 sui
521 3896 727 3969 electionem
748 3921 847 3970 suam
864 3895 1120 3970 demonstravit
1138 3901 1173 3966 et
1191 3894 1306 3991 suspi-

214 3994 356 4070 cionem
374 3999 536 4096 remdvit,
555 4025 593 4074 se
611 4024 690 4075 esse
710 4000 829 4099 alege
847 4000 1002 4075 alienum
1021 4007 1056 4074 et
1072 3997 1146 4096 legi
1169 4005 1307 4074 contra·

299 4220 327 4274 1.
347 4214 446 4290 Error),
461 4219 509 4292 20,
523 4219 572 4278 24.

298 4296 328 4353 2.
348 4294 437 4355 Ficui
449 4296 556 4356 Iudaei
569 4301 782 4376 comparantur
795 4298 875 4376 apud
888 4299 987 4360 Mursa
1003 4301 1051 4361 21.
1068 4302 1116 4360 19.

295 4375 325 4430 3.
344 4375 395 4432 Ita
407 4373 729 4437 verbasehabent·1n
742 4379 867 4456 Syriaco
882 4380 959 4442 baec
972 4379 1014 4442 ita
1036 4377 1131 4441 fuisse
1157 4377 1305 4458 conjicio:

215 4446 404 4529 Agitabatur
416 4454 564 4521 Dominus
575 4473 629 4536 per
643 4461 815 4538 utrumque.
