3280 5028
227 305 231 312 ⁴
327 313 394 382 166

327 467 471 516 censum
498 442 699 538 exigebant.
719 441 920 516 Voluerunt
947 442 1040 514 enim
1066 443 1271 540 comperire,
1289 447 1408 514 utrum

328 555 463 645 strages
491 568 612 618 eorum
638 553 782 644 propter
809 547 966 644 ipsorum
993 546 1163 619 sacrificia
1181 547 1213 619 ei
1239 545 1408 643 placeret,

327 651 444 746 sicque
463 656 585 722 contra
602 650 720 746 legem
740 658 871 723 etcum
891 649 1083 745 gentilibus
1102 657 1196 722 11111
1211 707 1219 743 ,
1237 673 1282 722 an
1299 649 1408 722 sacri·

326 754 443 828 ficium
463 753 679 847 defenderet,
692 778 761 850 quo
779 778 863 826 casu
881 777 961 826 eum
979 754 1073 850 apud
1090 753 1248 826 Pilatum
1264 775 1406 826 accusa-

327 858 399 931 turi
417 865 528 952 erant,
547 857 640 953 quod
658 858 807 954 imperio
824 859 1066 930 Romanorum
1084 857 1342 932 adversaretur.

429 961 1407 1058 Aliaparabola:Homoquidamplantaverat

329 1065 376 1136 in
412 1067 551 1138 vinea
590 1090 671 1138 sua
709 1066 920 1138 ficum-et
946 1065 1064 1137 dicit
1102 1065 1406 1138 adcolonum

328 1167 428 1263 (Luc.
445 1172 502 1263 13,
518 1171 564 1261 6).
585 1169 740 1242 Gelonus
758 1170 815 1243 hie
832 1177 909 1242 erat
932 1169 1016 1264 lex,
1033 1170 1078 1242 ad
1095 1169 1213 1266 legem
1239 1169 1333 1274 enim
1351 1191 1407 1240 re-

330 1274 449 1369 spexit
464 1273 565 1346 ¹..Hi
593 1280 691 1348 tres
719 1273 1406 1369 annisunt,quodvenioquae-

327 1400 433 1450 rere
467 1379 652 1451 fructus
688 1400 743 1451 ex
777 1379 860 1450 hac
884 1376 991 1470 ficu,
1030 1377 1124 1474 quod
1156 1382 1304 1474 propter
1333 1382 1407 1448 1111

328 1478 551 1578 captivitates
582 1481 684 1575 dixit,
715 1482 842 1578 quibus
872 1481 1057 1554 israelitae
1087 1481 1219 1578 captivi
1248 1478 1346 1552 ducti
1372 1487 1409 1550 et

328 1584 503 1680 castigati,
521 1609 593 1657 non
610 1593 728 1657 autem
747 1584 923 1658 emendati
942 1592 1035 1679 sunt,
1055 1607 1070 1641 ‘⁴
1088 1582 1170 1681 quia
1185 1586 1329 1674 frustra,
1346 1583 1407 1672 ait,

327 1689 486 1784 percussi
529 1689 619 1760 filios
649 1696 786 1762 vestros
818 1697 853 1762 et
883 1688 1105 1785 disciplinam
1136 1712 1207 1761 non
1246 1710 1407 1784 suscepe-

326 1791 437 1866 runt²
454 1833 482 1866 s.
501 1793 548 1864 llt
563 1801 613 1890 ⁸ut
643 1800 866 1884 monstraret,
884 1793 977 1888 quod
996 1800 1031 1865 et
1061 1791 1228 1889 deinceps
1257 1791 1295 1866 in
1329 1813 1407 1861 eam

325 1892 537 1992 longanimis
570 1904 657 1990 erat,
689 1906 875 1994 postquam
898 1897 975 1993 jam
1006 1897 1139 1969 dictum
1169 1903 1224 1968 est
1265 1895 1407 1968 colono:

329 1995 560 2073 canocice
592 2023 731 2092 eamn,
762 1999 1014 2096 respondit
1040 2001 1236 2073 colonus
1268 2007 1311 2070 et
1346 1997 1407 2070 di-

325 2104 397 2176 xit
424 2103 482 2176 ei:
501 2102 703 2176 Dimitte
732 2128 826 2177 eam
853 2112 897 2176 et
923 2104 1006 2176 hoc
1032 2128 1158 2178 anno.
1177 2103 1315 2178 Annuit
1336 2101 1407 2174 Do-

325 2208 453 2302 minus,
473 2233 510 2280 se
527 2208 602 2281 fore
621 2207 859 2303 longanimem
891 2231 1065 2302 argaeos,
1084 2209 1178 2304 quod
1196 2215 1251 2280 est
1267 2213 1408 2304 tempus

323 2313 551 2408 septuaginta
580 2312 849 2386 hebdomadum.
868 2311 1043 2407 Tempore
1062 2313 1155 2384 enim
1186 2311 1322 2384 reditus
1349 2333 1407 2381 eo-

323 2439 402 2486 rum
433 2417 666 2489 consummati
695 2424 796 2488 erant
827 2416 878 2489 eis
907 2415 962 2488 illi
987 2422 1061 2488 tres
1083 2415 1207 2508 1111115,
1226 2423 1261 2488 11
1283 2414 1408 2486 eodem

324 2518 427 2590 modo
445 2544 536 2592 unus
563 2543 676 2592 annus
695 2520 822 2594 dicitur
840 2521 883 2593 de
902 2528 1074 2615 tempore,
1096 2520 1189 2616 quod
1215 2519 1408 2592 adrentum

324 2619 461 2694 Christi
482 2623 685 2718 praecessit,
699 2623 782 2719 quia
798 2649 862 2720 per
877 2623 1087 2696 sententiam
1104 2625 1210 2722 hujus
1227 2623 1312 2696 anni
1330 2646 1406 2696 sors

324 2747 447 2798 eorum
460 2727 579 2799 decisa
596 2734 659 2800 est.
679 2730 830 2802 Fructus
852 2728 936 2800 fidei
953 2728 991 2799 in
1009 2728 1060 2800 eis
1077 2729 1324 2824 quaerebatur,
1342 2744 1424 2798 nec*

235 2917 237 2922 Ι
324 2829 578 2925 reperiebatur,
609 2832 703 2926 quod
736 2832 889 2906 daretur.
922 2831 999 2920 Quo
1030 2831 1107 2903 loco
1137 2832 1320 2928 impletum
1352 2838 1407 2902 est

310 2933 477 3006 dictum:
498 2957 512 2991 α
530 2935 697 3023 Quaesivi
715 2959 760 3008 ex
782 2935 833 3008 eis
850 2937 966 3009 virum
983 2943 1257 3009 restauratorem
1283 2933 1406 3006 ruinae

324 3044 360 3109 11
377 3061 448 3110 non
466 3046 520 3110 est
536 3039 700 3112 inventus
718 3039 755 3112 in
773 3039 854 3112 eisl
871 3080 898 3114 s.

426 3141 516 3214 Tres
548 3143 632 3214 anni
649 3152 788 3241 tempus
807 3151 862 3216 est
875 3144 901 3238 5,
920 3167 988 3239 quo
1010 3143 1061 3214 eis
1079 3142 1245 3234 ostendit,
1263 3165 1300 3215 11
1324 3164 1403 3213 1111

325 3245 554 3319 Salvatorem.
581 3247 628 3318 Et
654 3247 747 3342 quod
773 3247 884 3320 voluit
909 3247 1096 3320 ficulneam
1123 3247 1313 3337 eradicare,
1338 3245 1405 3316 hoc

322 3371 411 3444 opus
429 3349 482 3422 illi
513 3351 623 3447 priori
655 3350 769 3422 simile
787 3358 852 3442 est,
870 3351 1009 3447 quando
1040 3350 1149 3424 Pater
1179 3351 1224 3423 ad
1253 3349 1404 3446 Moysen

323 3452 437 3524 dixit:
460 3453 639 3526 “Dimitte
658 3478 713 3525 me
746 3469 805 3526 eos
837 3454 955 3528 delere
974 3454 1100 3527 111111
1130 3479 1211 3528 mea
1227 3495 1256 3549 s,
1275 3453 1402 3555 quibus

403 3705 428 3758 1.
451 3703 538 3760 Sicin
554 3705 659 3761 cod.B
683 3705 757 3762 haec
783 3709 814 3761 et
827 3705 1015 3780 praecedens
1040 3707 1194 3763 sententia
1219 3723 1252 3763 11
1268 3705 1401 3762 habent.

319 3781 444 3840 Aucher
458 3782 533 3840 haec
549 3801 588 3840 ex
601 3788 688 3841 textu
712 3783 858 3858 impresso
874 3786 916 3842 ita
930 3781 1095 3843 transfert:
1114 3801 1126 3831 a
1140 3785 1206 3844 Hoc
1223 3787 1280 3855 est,
1294 3783 1346 3842 lex
1361 3783 1401 3839 le-

320 3861 365 3934 gis
380 3859 488 3918 faciem
501 3863 629 3938 sumpsit
641 3893 681 3935 s..

398 3943 425 3996 2.
447 3938 513 3995 Jm.
528 3943 556 4009 a,
570 3943 619 3998 so.

396 4020 423 4074 3.
445 4018 474 4076 S.
487 4027 597 4077 auctor
610 4021 639 4078 h.
652 4020 670 4077 l.
686 4019 819 4095 explicat
834 4025 896 4078 1111
920 4040 1015 4080 annos
1040 4026 1158 4098 tompus
1181 4037 1277 4096 usque
1304 4020 1342 4078 ad
1355 4038 1404 4078 re.-
1523 4053 1525 4060 =

319 4096 414 4154 ditum
430 4115 468 4153 ex
485 4098 661 4173 captivitato
676 4099 873 4175 Babylonica,
888 4104 919 4157 et
933 4119 1024 4158 unum
1038 4119 1160 4174 aunum,
1176 4104 1209 4158 ut
1230 4101 1262 4157 et
1276 4104 1400 4176 septua-

316 4175 401 4248 ginta
424 4175 629 4234 hebdomades
653 4177 798 4249 Danielis,
813 4184 931 4256 tempus
948 4180 1019 4238 dicit
1038 4182 1076 4238 ab
1100 4179 1152 4238 illo
1175 4179 1275 4238 reditu
1302 4195 1399 4255 usquc

317 4257 482 4315 adventum
497 4253 620 4313 Christi.
1185 4267 1190 4280 ¹
1395 4261 1398 4268 '

392 4337 420 4391 4.
441 4333 550 4391 Ennea.
566 4336 614 4408 22,
628 4339 676 4393 30.

394 4416 421 4511 a.
443 4413 499 4471 His
514 4413 615 4472 verbis
629 4414 689 4476 alia
701 4413 793 4492 hujus
808 4417 868 4476 loci
883 4417 1045 4495 explicatio
1062 4415 1176 4494 incipit.
