3218 5026
1238 321 1280 389 13

191 451 289 548 quod
307 475 430 549 preces
449 453 632 546 rogabant,
659 452 753 523 omni
774 451 856 547 jure
874 450 1016 548 loquela
1033 451 1066 522 ei
1084 450 1202 525 ablata
1219 460 1285 546 est,

191 555 250 633 cui
269 556 463 654 sapientiae
480 578 603 628 sensus
622 555 807 627 defecerat.
822 555 991 644 Quamvis
1003 554 1119 627 Deum
1133 555 1285 652 supplici

191 659 351 733 oratione
378 659 604 756 implorasset
621 666 657 730 et
673 659 751 756 ipsa
776 659 933 733 oratione
950 659 1158 732 testificatus
1178 668 1284 754 esset,

191 765 388 836 orationem
414 786 518 860 posse
536 786 662 858 rogare
682 770 717 833 et
733 762 850 834 Deum
868 763 963 856 dare,
988 770 1118 856 tamen,
1145 764 1285 860 quando

194 891 307 964 prope
322 875 409 960 erat,
427 874 467 938 ut
484 868 521 939 id
534 867 627 962 quod
641 869 799 962 rogabat,
817 867 1035 962 impleretur,
1049 867 1158 938 dixit:
1174 866 1285 955 Quo-

194 971 327 1043 modo
354 977 514 1068 potest
539 970 607 1042 ita
631 969 779 1043 fieri?
805 971 931 1066 Itaque
950 970 1080 1042 factum
1099 977 1164 1064 est,
1191 971 1284 1066 quod

192 1075 274 1148 fieri
299 1075 423 1170 noluit,
450 1075 534 1171 quia
550 1075 731 1172 rejecerat,
752 1074 852 1175 ,qnod
874 1073 950 1147 fieri
967 1073 1081 1146 voluit
1095 1073 1119 1145 ⁴.
1146 1075 1287 1148 Accidit

193 1178 230 1249 ei
243 1179 388 1275 aliquid,
402 1179 495 1276 quod
509 1201 689 1274 nunquam
708 1183 877 1274 expertus
896 1185 981 1270 erat,
1000 1177 1084 1272 quia
1101 1177 1287 1274 imperitus

194 1283 363 1358 inventus
382 1291 436 1356 est
454 1283 530 1379 ejus
549 1281 642 1378 quod
655 1281 730 1378 jam
748 1281 809 1352 diu
826 1287 982 1354 noverat.
1002 1279 1175 1368 Quoniam
1193 1282 1287 1377 quod

194 1385 293 1460 labia
319 1390 477 1480 orabant,
496 1409 599 1458 aures
618 1387 693 1482 ejus
720 1408 791 1457 non
817 1385 1015 1476 audierunt,
1042 1385 1182 1458 exaruit
1196 1385 1286 1478 fons,

195 1490 291 1562 unde
313 1493 423 1564 verba
439 1490 638 1588 prodibant,
655 1496 695 1562 ut
712 1495 835 1587 potum
853 1513 957 1562 suum
971 1488 1115 1563 auribus
1133 1489 1286 1586 amplius

201 1615 275 1668 non
292 1595 558 1667 transmitteret.

303 1697 382 1786 Qua
406 1705 525 1770 autem
550 1698 697 1792 ratione,
724 1697 785 1796 qui
811 1697 955 1794 proprio
985 1697 1109 1770 auditu
1133 1698 1287 1771 fructum

196 1823 269 1872 non
286 1801 446 1898 protulit,
464 1825 528 1899 per
545 1801 695 1874 aliorum
708 1801 867 1874 auditum
880 1801 1032 1874 fructum
1049 1803 1207 1899 proferre
1225 1825 1287 1898 po·

194 1905 320 1977 terat?
346 1905 524 1978 Nimirum
541 1904 729 1978 Zacharias
754 1905 860 1997 viroS,
879 1905 941 2001 qui
966 1905 1057 1978 filios
1083 1931 1155 1978 non
1180 1905 1287 1980 habe·

196 2010 293 2102 bant,
313 2009 476 2106 exemplo
502 2010 697 2084 Abrahami
714 2010 826 2107 patris
853 2033 975 2082 eorum
997 2010 1225 2102 confortabat,
1252 2016 1288 2082 et

197 2111 378 2206 mulieres,
395 2109 485 2208 quae
503 2112 624 2186 liberis
642 2117 819 2206 carebant,
850 2113 1014 2210 exemplo
1037 2114 1146 2188 Sarae
1163 2114 1287 2186 matris

198 2238 321 2288 earmn
347 2216 603 2311 consolabatur,
630 2217 735 2290 sicuti
759 2217 858 2289 Deus
885 2223 920 2290 et
946 2216 1063 2314 ipsum
1085 2225 1121 2290 et
1137 2239 1287 2290 uxorem

199 2343 301 2394 suam
328 2321 485 2418 ejusdem
511 2321 688 2393 cumillis
715 2318 925 2394 conditionis
942 2320 1083 2394 fecerat.
1104 2320 1287 2396 Abraham

199 2423 296 2496 enim
322 2430 358 2496 et
385 2425 473 2498 Sara
498 2425 573 2496 loco
600 2433 788 2523 parentum
816 2432 917 2498 erant
943 2425 1074 2521 eisqui
1100 2425 1138 2497 in
1163 2424 1287 2498 eadem

201 2531 436 2602 versabantur
449 2528 660 2624 calamitate,
678 2536 714 2602 et
731 2537 911 2625 tamquam
929 2529 1111 2626 speculum
1125 2528 1287 2602 omnibus

198 2631 402 2728 hujusmodi
422 2632 561 2706 afflictis
587 2636 874 2731 proponebantur
902 2640 938 2706 et
963 2633 1057 2705 oculi
1075 2633 1233 2706 virorum
1251 2638 1288 2703 et

198 2735 390 2809 mulierum
407 2737 490 2809 filiis
508 2739 703 2810 carentium
730 2745 766 2809 et
788 2737 961 2812 sterilium
978 2737 1024 2809 ad
1041 2760 1102 2809 eos
1120 2759 1288 2833 respexe-

198 2847 294 2934 runt,
311 2847 352 2914 ut
370 2840 491 2938 et'ipsi
509 2841 783 2914 consolationem
805 2841 1016 2939 acciperent,
1044 2841 1135 2913 sicut
1151 2839 1206 2912 illi
1222 2863 1288 2936 per

199 2943 312 3038 Isaac,
331 2945 392 3040 qui
408 2952 489 3040 post
505 2945 699 3040 nonaginta
719 2967 847 3018 novem
873 2968 984 3017 annos
1001 2945 1039 3017 in
1059 2951 1161 3016 utero
1179 2944 1287 3016 Sarae

198 3046 370 3122 formatus
396 3055 460 3121 est.
487 3048 674 3122 Zacharias
708 3049 952 3123 Abrahamum
981 3055 1119 3144 patrem
1144 3046 1287 3143 quidem

201 3174 306 3223 suum
332 3155 520 3249 reputabat
544 3159 690 3250 propter
716 3153 833 3246 fidem,
860 3152 922 3224 sed
941 3154 985 3225 ab
1006 3175 1048 3223 eo
1074 3149 1288 3224 disentiebat

200 3262 348 3352 propter
367 3263 584 3330 senectutem
594 3256 620 3330 2.
638 3258 763 3354 Itaque
786 3257 869 3354 quia
896 3256 939 3328 de
959 3277 999 3327 eo
1021 3253 1206 3348 dubitavit,
1224 3254 1286 3350 qui

198 3366 363 3432 naturam
389 3367 527 3433 mutare
552 3368 680 3459 potest,
707 3385 816 3457 quum
841 3359 939 3457 loqui
964 3359 1084 3452 vellet,
1109 3357 1286 3454 loquendo

196 3461 314 3559 impar
331 3463 408 3558 luit,
426 3470 467 3536 ut
484 3488 564 3536 eum
582 3466 643 3562 qui
659 3465 816 3537 omnium
832 3465 940 3537 habet
956 3463 1160 3560 potentiam,
1178 3485 1301 3557 agno·

197 3574 322 3640 sceret.
341 3567 410 3656 Qui
428 3591 500 3640 non
518 3569 640 3662 credit,
660 3569 761 3664 signo
779 3592 868 3665 opus
885 3568 1002 3661 habet,
1019 3591 1084 3665 per
1101 3566 1195 3664 quod
1213 3589 1287 3638 cre-

200 3669 271 3742 dat.
295 3671 431 3744 Idcirco
448 3679 594 3769 propter
615 3673 871 3747 dubitationem
885 3670 992 3744 animi
1021 3672 1074 3744 ori
1099 3669 1288 3742 Zachariae

197 3771 340 3869 signum
367 3775 546 3872 imposuit,
572 3783 612 3848 ut
636 3775 866 3872 intelligeret,
893 3798 973 3847 eum
998 3775 1060 3872 qui
1084 3773 1287 3871 loquentem

196 3883 361 3951 naturam
378 3887 511 3952 mutam
524 3880 618 3974 facit,
635 3887 776 3954 uterum
799 3902 937 3977 quoque
956 3886 1154 3952 emortuum
1172 3875 1286 3950 vivifi·

280 4203 306 4259 1.
327 4201 413 4262 Haec
428 4205 648 4265 sententiarum
663 4205 771 4267 divisio
782 4208 877 4284 juxta
891 4203 959 4265 cod.
973 4205 999 4262 B
1013 4207 1070 4262 est.

279 4282 307 4338 2.
328 4281 378 4341 Ita
392 4281 582 4342 adverbum.
596 4285 710 4345 Sensus
725 4303 794 4345 esse
808 4285 950 4345 uidetur:
968 4283 1179 4342 Dissentiebat
1191 4280 1230 4338 ab
1245 4296 1283 4338 oo

197 4360 1284 4443 proptorsenoctutenr,qnaeimpedimontumprolissividebatur,quum

199 4438 392 4528 Abrabamus
406 4460 502 4502 senex
515 4443 608 4520 prolis
623 4464 697 4505 suae
711 4445 942 4523 promissionem
958 4443 1107 4502 erederet.
