3218 5026
1251 339 1290 384 111

209 434 342 508 mentio
368 438 517 513 habetur
543 442 636 538 apud
662 441 968 537 Bar-Bahlul,
995 443 1121 516 decimi
1158 445 1289 526 saeculi

206 555 431 654 scriptorem,
450 557 564 654 quiin
583 581 645 630 suo
673 557 797 650 leniae,
816 559 861 632 ad
878 559 1040 634 ultimum
1058 584 1079 635 a
1105 559 1290 640 Michaelis

204 673 317 772 edito,
335 706 368 778 p.
387 683 452 752 192
473 678 560 749 haec
587 675 730 750 scribit:
753 675 1024 770 “Diatessarom
1051 678 1101 749 ita
1127 677 1290 754 dicuntur

202 805 361 892 'quatuor
387 795 601 894 Evangelia,
626 795 715 870 haec
731 795 972 871 Alexandriae
995 821 1015 870 a
1040 796 1188 871 Tatiano
1216 795 1288 894 epi-

158 1006 162 1012 ,
205 937 317 1012 acopo
335 919 467 1015 scripta
483 921 746 990 asservantem.

314 1034 460 1107 Rectius
494 1039 575 1127 post
609 1053 690 1103 eum
725 1028 987 1126 Dionysius
1031 1029 1287 1125 Barsalibi,

212 1151 396 1248 episcopus
414 1149 564 1225 Amidae
583 1150 620 1222 in
637 1149 903 1246 Mesopotamia,
921 1150 1084 1224 Jacohita
1101 1149 1152 1245 (†
1173 1152 1289 1244 1171)

203 1269 248 1341 in
265 1270 480 1366 praefatione
508 1268 683 1364 evangelii
711 1294 737 1342 s.
756 1268 880 1362 Marci,
907 1275 996 1342 teste
1024 1271 1220 1344 Assemano
1252 1269 1289 1372 in

210 1386 301 1460 Bibl.
321 1389 379 1461 Or.
399 1385 418 1459 I
436 1411 470 1482 p.
483 1387 536 1458 ,57
557 1392 592 1458 et
608 1385 646 1458 II
661 1409 693 1481 p.
720 1388 785 1458 159
824 1385 911 1458 haec
937 1383 1099 1482 scripsit:
1130 1406 1145 1442 u
1170 1385 1288 1457 Tatia-

204 1529 289 1600 nus,
307 1505 502 1603 discipulus
518 1506 542 1577 J
543 1500 652 1578 ustini
672 1503 872 1602 philosophi
889 1510 925 1578 et
942 1503 1120 1600 martyris,
1143 1503 1251 1599 elegit
1270 1513 1288 1574 'e

213 1632 362 1720 quatuor
389 1622 584 1718 evangeliis
610 1630 646 1695 et
672 1619 862 1696 connexuit
888 1630 924 1696 et
956 1623 1103 1696 confecit
1138 1644 1288 1717 evenge-

212 1741 320 1837 lium,
351 1744 444 1840 quod
464 1743 694 1816 Diatessaron
724 1743 967 1840 nuncupabat,
998 1744 1020 1816 i.
1051 1767 1080 1816 e.
1114 1740 1288 1814 miscella·

210 1883 325 1932 neum.
352 1863 430 1934 Hoc
457 1861 625 1958 scriptum
655 1861 909 1959 interpretatus
927 1869 982 1934 est
1009 1886 1035 1934 s.
1056 1861 1288 1957 Ephraemus.
1356 1957 1359 1962 Ι
1500 1857 1501 1860 ’

213 1977 408 2052 Exordium
427 1980 502 2076 ejus
521 1979 608 2052 fuit:
631 2001 646 2038 t
664 1981 707 2054 In
724 1979 898 2076 principio
919 1988 994 2053 erat
1012 1981 1171 2054 Verbum
1189 2018 1216 2054 n.

312 2098 416 2170 Alius
434 2097 536 2170 testis
555 2104 611 2170 est
642 2098 986 2192 Barhebraeus,
1010 2099 1195 2195 episeopus
1222 2096 1291 2170 Ta-

209 2215 389 2310 griteusis,
414 2211 653 2290 Jacobitarum
679 2215 811 2312 primas
829 2213 880 2314 (†
898 2219 1024 2311 1286),
1042 2216 1102 2312 qui
1124 2216 1160 2292 in
1186 2215 1288 2310 libro,

211 2353 227 2391 α
244 2333 408 2406 horreum
428 2331 674 2427 mysteriorum
693 2371 707 2407 a
729 2333 909 2431 inscripto,
929 2340 1018 2406 teste
1038 2333 1159 2406 eodem
1177 2336 1286 2406 Asse·
1314 2391 1315 2400 ,

210 2451 409 2525 mauoiuB.
421 2454 461 2528 Ο.
472 2453 535 2549 Ip.
547 2454 592 2524 57
608 2452 695 2524 haec
712 2453 782 2525 ait:
803 2475 819 2510 u
836 2451 1012 2528 Eusebius
1039 2452 1287 2528 Caesareensis

197 2594 317 2668 -quum
347 2572 485 2645 videret
525 2571 765 2668 corruptelas,
796 2597 882 2668 quas
912 2573 1043 2646 fecerat
1077 2571 1286 2646 Ammonius

207 2689 474 2764 Alexandrinus
501 2690 538 2762 in
566 2690 751 2785 evangelio
778 2690 1007 2783 diatessaron,
1026 2691 1048 2764 i.
1068 2717 1096 2764 e.
1115 2689 1288 2764 miscella-

200 2831 289 2902 -neo,
316 2815 527 2904 nuncupato,
547 2809 645 2904 cnjus
673 2809 879 2882 exordium:
910 2811 986 2882 «In
1012 2809 1186 2906 principio
1213 2815 1289 2880 erat

207 2927 355 2998 verbum
373 2967 408 3018 n,
434 2933 470 3000 et
504 2926 597 3023 quod
632 2950 659 3000 s.
686 2927 908 3024 Ephraemus
943 2928 1195 3025 interpretatus
1222 2933 1289 3027 est,

203 3053 356 3138 quatuor
374 3045 559 3140 evangelia
588 3045 738 3140 integra,
757 3028 797 3117 ut
814 3053 896 3118 sunt
921 3045 958 3118 in
986 3053 1096 3139 textu,
1119 3043 1285 3132 servavit,

206 3161 272 3232 sed
289 3161 554 3236 consensionem
574 3163 761 3238 verborum
779 3164 955 3236 communi
982 3185 1114 3236 canone
1141 3162 1285 3234 notavit.

208 3277 454 3354 Barhcbraeus
474 3283 540 3355 hoc
557 3283 633 3354 loco
651 3281 688 3354 in
705 3281 838 3379 duplici
866 3305 985 3355 errore
1006 3289 1187 3376 versatur;
1215 3280 1286 3378 pri-

208 3419 304 3468 mum
325 3400 417 3472 enim
432 3403 658 3475 Ammonium
672 3401 966 3496 Alexandrinum,
976 3401 1067 3476 alius
1085 3402 1286 3476 harmoniae

197 3514 486 3613 Evangeliorum
505 3530 695 3615 auctorem,
714 3529 891 3618 permutat
909 3546 987 3595 cum
1014 3522 1172 3612 Tatiano,
1193 3522 1287 3616 quod

210 3657 258 3706 ex
275 3633 429 3728 indicato
446 3640 548 3714 initio
565 3641 669 3739 hujus
687 3641 884 3714 Diatessari
902 3649 937 3714 et
954 3649 1146 3714 memorata
1171 3640 1284 3735 expli·

205 3755 344 3828 catione
362 3780 389 3829 s.
408 3759 599 3856 Ephraemi
626 3759 721 3834 clare
748 3767 908 3858 apparet,
935 3760 1017 3850 dein
1044 3781 1189 3833 erronee
1211 3759 1282 3830 Eu-

210 3871 346 3944 sebium
377 3873 443 3946 hoc
473 3874 691 3949 diatessaron
730 3876 868 3950 Tatiani
907 3878 1112 3950 emendasse
1147 3877 1286 3968 asserit,

204 4008 315 4082 quum
331 3989 408 4088 ipse
426 3992 601 4067 Eusebius
620 4000 780 4088 testetur,
800 4019 838 4068 se
856 3997 901 4068 ad
922 3995 1101 4070 Ammonii
1122 4020 1210 4094 opus
1228 4021 1284 4068 ca·

207 4129 317 4185 nones
336 4133 418 4182 suos
436 4110 615 4207 adjecisse.
739 4165 743 4176 .

310 4226 369 4299 Ac
394 4229 487 4300 hunc
513 4237 638 4303 testem
666 4233 800 4306 accedi-t
825 4231 1070 4331 Ebedjesn,
1099 4233 1282 4333 episcopus

204 4341 393 4436 Sohensis,
425 4353 540 4420 sectae
579 4351 870 4425 Nestorianerum
901 4352 1060 4426 addictus
1087 4349 1283 4450 (†1318)‚
1366 4359 1369 4364 “
