3280 5028
226 448 378 522 videret.
405 449 477 524 Sed
494 453 530 519 et
547 446 802 539 animadverte,
820 469 894 534 non
918 449 962 540 ci,
982 447 1045 520 sed
1072 445 1194 544 leprae
1219 447 1324 524 Chri-

226 559 325 624 stum
351 552 481 624 iratum
512 574 601 622 esse.
1292 544 1300 558 “

335 654 483 748 Siris,
502 661 637 751 potes
663 675 731 726 me
755 653 988 726 mundare.
1012 653 1069 726 nt
1096 657 1319 731 extendit

227 781 418 830 manum.
437 757 541 846 Quod
567 778 712 829 manum
738 756 910 852 extendit,
929 757 1039 853 ajunt,
1067 758 1196 830 solutio
1226 758 1320 855 legis

225 868 296 952 est,
314 861 399 957 quia
409 862 516 958 juxta
541 860 671 954 legem,
689 860 922 955 quodcunque
949 862 1065 956 tangit
1083 861 1231 957 lepram,
1250 863 1319 934 im-

224 964 399 1036 mundum
430 971 496 1036 est.
522 965 658 1038 Verum
685 963 861 1035 Dominus
886 985 1110 1060 nequaquam
1138 963 1321 1060 leprosum

224 1067 359 1161 attigit,
374 1068 437 1140 sed
455 1068 641 1140 dexteram
658 1088 761 1138 suam
779 1066 998 1138 salutiferam
1016 1089 1142 1140 versus
1157 1091 1238 1139 eum
1257 1093 1320 1142 ex·

225 1170 353 1242 tendit.
372 1171 503 1244 Utrum
521 1168 595 1264 legi
621 1168 802 1242 inimicum
820 1192 858 1242 se
886 1169 1100 1260 exhibuerit,
1117 1169 1319 1246 videbimus

226 1273 443 1368 relegentes,
469 1295 560 1370 quae
587 1271 820 1368 sequuntur&
847 1272 1023 1366 Ostendit,
1050 1279 1213 1345 naturam
1240 1297 1319 1348 esse

224 1379 367 1470 bonam,
386 1377 470 1472 quia
486 1378 563 1474 ejus
581 1375 758 1446 defectum
770 1375 986 1470 complevit,
1004 1382 1042 1448 et
1064 1375 1209 1448 mittens
1238 1401 1321 1450 eum

221 1480 272 1550 ad
292 1479 494 1552 secerdotes
513 1477 750 1552 sacerdotium
764 1478 995 1550 confirmavit.
1009 1479 1204 1552 Praeterea
1216 1503 1319 1576 prae-

222 1582 375 1678 cipiens‚
392 1590 433 1654 ut
451 1583 546 1654 dona
569 1605 634 1677 pro
661 1603 726 1652 sua
752 1579 996 1678 purificatione
1023 1581 1178 1674 offerret,
1201 1606 1320 1656 nonne

222 1685 346 1780 Iegem·
371 1685 612 1777 confirmavit,
639 1683 731 1756 sieut
757 1691 794 1756 ct
824 1707 865 1756 ec
900 1687 996 1779 quod
1032 1684 1191 1758 addidit:
1220 1685 1320 1760 Siout
1404 1720 1407 1729 ·

224 1791 410 1886 praecepit
427 1789 528 1864 vobis
547 1787 719 1882 Moyses?
738 1787 856 1862 Multa
880 1795 1071 1884 praccepta
1095 1787 1241 1883 Moyses
1268 1790 1319 1862 eis

224 1893 271 1964 de
300 1893 402 1988 lepra
420 1893 529 1986 dedit,
549 1891 612 1962 sed
630 1889 721 1962 nihil
740 1913 804 1987 per
830 1913 891 1962 eas
910 1897 1103 1985 potuerunt
1129 1892 1319 1987 proficere,

210 1995 373 2068 Christo
392 2002 512 2067 autem
529 1993 694 2067 veniente
711 1993 812 2066 venit
829 2000 865 2064 et
882 1994 1019 2065 sanatio
1037 1997 1264 2090 perverbum
1284 2003 1320 2069 et

225 2098 340 2172 multa
357 2121 491 2193 genera
508 2102 779 2194 praeceptorum
797 2095 963 2189 abolevit,
982 2119 1073 2192 quae
1092 2097 1152 2169 lex
1171 2097 1320 2194 leprae²

224 2223 307 2272 osse
345 2198 522 2276 videntur.
556 2200 683 2272 Vade
710 2199 764 2271 ad
802 2200 1320 2296 sacerdotes'propter

222 2303 553 2376 testimonium
584 2325 761 2396 eorum,
787 2303 872 2398 quia
905 2309 1135 2399 praeceptum
1171 2312 1245 2396 est,
1281 2314 1322 2380 ut

221 2413 310 2478 ante
329 2405 610 2503 purificationem
627 2405 765 2500 lepram
782 2405 1004 2501 inquirerent
1022 2412 1157 2500 etpost
1181 2405 1321 2503 lepram

223 2507 405 2583 sublatam
431 2517 542 2582 testes
568 2509 706 2580 fierent
733 2507 788 2580 De
805 2509 1006 2606 praeceptis
1034 2508 1200 2604 antiquae
1227 2507 1321 2604 legis

223 2613 347 2708 Moysi
367 2613 532 2686 Christus
549 2613 615 2686 hcc
631 2611 771 2684 locutus
790 2619 856 2705 est,
875 2619 911 2684 et
927 2613 992 2686 ille
1012 2613 1049 2685 in
1077 2613 1321 2688 testimonium

169 2799 172 2803 ¹
222 2738 312 2788 suae
332 2716 513 2789 doctrinae
531 2714 718 2788 accersivit
746 2714 890 2788 dicens:
913 2717 1041 2790 “Siout
1058 2714 1204 2810 Moyses
1218 2741 1321 2812 prae-

222 2820 323 2915 cepit
340 2859 369 2914 η,
388 2821 517 2915 quibus
543 2818 664 2892 verbis
689 2817 819 2911 docuit,
841 2819 905 2891 illa
932 2843 953 2892 a
980 2844 1018 2892 se
1045 2843 1116 2890 ncn
1142 2817 1319 2914 abrogari,

222 2923 290 2994 sed
306 2947 391 2996 suos
409 2915 603 3020 ‘praecones
621 2920 699 2994 lieri
717 2943 835 2994 coram
852 2923 994 3018 populo.

557 3230 790 3306 CAPUT
843 3230 985 3304 XIII.

333 3544 445 3618 Fuit
471 3542 536 3618 ibi
561 3542 636 3617 vir
663 3540 861 3638 quidam,
880 3541 953 3614 oui
979 3542 1189 3638 triginta
1216 3549 1322 3616 octo

226 3647 341 3720 anni
380 3653 518 3721 erant
565 3643 878 3721 infirmitatis
927 3667 1047 3719 suae.
1097 3645 1229 3716 Dicit
1268 3647 1321 3718 ad

225 3773 330 3824 eum
357 3751 606 3826 Dominus:
633 3748 738 3840 Vis,
765 3753 813 3820 ut
839 3769 981 3820 sanus
1008 3749 1108 3822 fias.
1134 3746 1323 3842 Mrgc'no·

228 3851 338 3930 lebat.
365 3853 498 3927 Dicit
524 3854 577 3925 ad
606 3875 705 3926 eum
732 3849 977 3924 infirmus:
1004 3850 1208 3948 Adjutor
1234 3875 1324 3924 non

227 3963 305 4029 est
330 3957 524 4051 mihi,ut
550 3956 590 4028 si
616 3959 863 4028 moventur
889 3977 1047 4050 aquae,
1068 3978 1134 4027 me
1161 3954 1323 4030 demit·

228 4066 311 4136 tat.
337 4061 450 4138 Aliud
475 4058 650 4134 Dominus
684 4057 942 4152 interrogavit,
969 4067 1005 4132 et
1030 4057 1129 4154 aliud
1162 4058 1325 4133 infirmus

313 4311 340 4368 1.
362 4308 486 4368 Scifieet
499 4304 614 4368 verba:
629 4305 715 4364 Vade
730 4303 770 4364 ad
785 4305 962 4364 sacerdotes
977 4306 1008 4366 et
1023 4305 1100 4368 offer
1113 4324 1233 4382 munus,
1245 4308 1303 4365 cta.

309 4391 340 4447 2.
361 4387 523 4452 Forsitan:
538 4386 589 4448 lex
601 4384 833 4464 praecavendae
847 4384 962 4466 leprae.

1124 4467 1170 4540 10

1254 323 1321 395 145
1448 401 1451 409 ,
