<?xml version="1.0" encoding="UTF-8"?>
<!DOCTYPE html PUBLIC "-//W3C//DTD XHTML 1.0 Transitional//EN"
    "http://www.w3.org/TR/xhtml1/DTD/xhtml1-transitional.dtd">
<html xmlns="http://www.w3.org/1999/xhtml" xml:lang="en" lang="en">
 <head>
  <title>
</title>
<meta http-equiv="Content-Type" content="text/html;charset=utf-8" />
  <meta name='ocr-system' content='tesseract 3.04.00' />
  <meta name='ocr-capabilities' content='ocr_page ocr_carea ocr_par ocr_line ocrx_word'/>
</head>
<body>
  <div class='ocr_page' id='page_1' title='image "./evangeliiconcor00msgoog_0044.png"; bbox 0 0 3218 5026; ppageno 0'>
   <div class='ocr_carea' id='block_1_1' title="bbox 1225 332 1267 402">
    <p class='ocr_par' dir='ltr' id='par_1_1' title="bbox 1225 332 1267 402">
     <span class='ocr_line' id='line_1_1' title="bbox 1225 332 1267 402; baseline 0 0"><span class='ocrx_word' id='word_1_1' title='bbox 1225 332 1267 402; x_wconf 77' lang='lat'>21</span> 
     </span>
    </p>
   </div>
   <div class='ocr_carea' id='block_1_2' title="bbox 90 455 1326 3875">
    <p class='ocr_par' dir='ltr' id='par_1_2' title="bbox 90 455 1326 2294">
     <span class='ocr_line' id='line_1_2' title="bbox 181 455 1272 556; baseline 0.003 -26"><span class='ocrx_word' id='word_1_2' title='bbox 181 455 322 555; x_wconf 87' lang='lat' dir='ltr'>quando</span> <span class='ocrx_word' id='word_1_3' title='bbox 340 455 406 530; x_wconf 94' lang='lat' dir='ltr'>hoc</span> <span class='ocrx_word' id='word_1_4' title='bbox 420 456 464 529; x_wconf 92' lang='lat' dir='ltr'>de</span> <span class='ocrx_word' id='word_1_5' title='bbox 480 455 594 530; x_wconf 87' lang='lat' dir='ltr'>Maria</span> <span class='ocrx_word' id='word_1_6' title='bbox 606 455 719 548; x_wconf 89' lang='lat' dir='ltr'>audis,</span> <span class='ocrx_word' id='word_1_7' title='bbox 733 456 818 530; x_wconf 89' lang='lat' dir='ltr'>talia</span> <span class='ocrx_word' id='word_1_8' title='bbox 832 457 1035 555; x_wconf 86' lang='lat' dir='ltr'>suspiceris,</span> <span class='ocrx_word' id='word_1_9' title='bbox 1055 458 1174 556; x_wconf 87' lang='lat' dir='ltr'>qualia</span> <span class='ocrx_word' id='word_1_10' title='bbox 1187 483 1272 556; x_wconf 83' lang='lat' dir='ltr'>gen-</span> 
     </span>
     <span class='ocr_line' id='line_1_3' title="bbox 90 560 1271 655; baseline 0.003 -21"><span class='ocrx_word' id='word_1_11' title='bbox 90 591 97 606; x_wconf 90' lang='lat'><strong>·</strong></span> <span class='ocrx_word' id='word_1_12' title='bbox 180 561 264 634; x_wconf 88' lang='lat' dir='ltr'>tiles</span> <span class='ocrx_word' id='word_1_13' title='bbox 281 560 494 654; x_wconf 76' lang='lat' dir='ltr'>fabulantur,</span> <span class='ocrx_word' id='word_1_14' title='bbox 512 560 621 654; x_wconf 82' lang='lat' dir='ltr'>addit,</span> <span class='ocrx_word' id='word_1_15' title='bbox 640 582 718 632; x_wconf 89' lang='grc'><strong>1111</strong></span> <span class='ocrx_word' id='word_1_16' title='bbox 736 560 921 655; x_wconf 78' lang='lat' dir='ltr'>gravidam</span> <span class='ocrx_word' id='word_1_17' title='bbox 949 561 1130 636; x_wconf 79' lang='lat' dir='ltr'>inventam</span> <span class='ocrx_word' id='word_1_18' title='bbox 1152 587 1271 638; x_wconf 87' lang='grc'><strong>11111</strong></span> 
     </span>
     <span class='ocr_line' id='line_1_4' title="bbox 180 663 1271 763; baseline 0.001 -23"><span class='ocrx_word' id='word_1_19' title='bbox 180 665 329 762; x_wconf 80' lang='lat' dir='ltr'>Spiritu,</span> <span class='ocrx_word' id='word_1_20' title='bbox 354 689 426 736; x_wconf 91' lang='lat' dir='ltr'>non</span> <span class='ocrx_word' id='word_1_21' title='bbox 451 671 570 737; x_wconf 88' lang='lat' dir='ltr'>autem</span> <span class='ocrx_word' id='word_1_22' title='bbox 595 683 642 736; x_wconf 88' lang='grc'>11</span> <span class='ocrx_word' id='word_1_23' title='bbox 668 663 831 760; x_wconf 86' lang='lat' dir='ltr'>conjugio</span> <span class='ocrx_word' id='word_1_24' title='bbox 861 687 938 738; x_wconf 89' lang='lat' dir='ltr'>eam</span> <span class='ocrx_word' id='word_1_25' title='bbox 965 666 1159 763; x_wconf 91' lang='lat' dir='ltr'>peperisse.</span> <span class='ocrx_word' id='word_1_26' title='bbox 1177 668 1271 741; x_wconf 85' lang='lat' dir='ltr'>Nam</span> 
     </span>
     <span class='ocr_line' id='line_1_5' title="bbox 181 767 1272 866; baseline 0.005 -26"><span class='ocrx_word' id='word_1_27' title='bbox 181 793 249 865; x_wconf 90' lang='lat' dir='ltr'>per</span> <span class='ocrx_word' id='word_1_28' title='bbox 268 775 424 842; x_wconf 88' lang='lat' dir='ltr'>sanctam</span> <span class='ocrx_word' id='word_1_29' title='bbox 443 769 518 866; x_wconf 88' lang='lat' dir='ltr'>ejus</span> <span class='ocrx_word' id='word_1_30' title='bbox 537 767 800 863; x_wconf 91' lang='lat' dir='ltr'>conceptionem</span> <span class='ocrx_word' id='word_1_31' title='bbox 817 767 933 840; x_wconf 90' lang='lat' dir='ltr'>aditus</span> <span class='ocrx_word' id='word_1_32' title='bbox 954 770 1103 844; x_wconf 88' lang='lat' dir='ltr'>dabatur</span> <span class='ocrx_word' id='word_1_33' title='bbox 1132 770 1272 845; x_wconf 89' lang='lat' dir='ltr'>divinae</span> 
     </span>
     <span class='ocr_line' id='line_1_6' title="bbox 181 870 1269 965; baseline 0.003 -20"><span class='ocrx_word' id='word_1_34' title='bbox 181 871 416 965; x_wconf 82' lang='lat' dir='ltr'>Clementiae,</span> <span class='ocrx_word' id='word_1_35' title='bbox 442 879 482 944; x_wconf 94' lang='lat' dir='ltr'>ut</span> <span class='ocrx_word' id='word_1_36' title='bbox 506 871 685 945; x_wconf 83' lang='lat' dir='ltr'>habitaret</span> <span class='ocrx_word' id='word_1_37' title='bbox 710 870 748 942; x_wconf 95' lang='lat' dir='ltr'>in</span> <span class='ocrx_word' id='word_1_38' title='bbox 773 872 868 944; x_wconf 93' lang='lat' dir='ltr'>omni</span> <span class='ocrx_word' id='word_1_39' title='bbox 894 893 1010 945; x_wconf 89' lang='lat' dir='ltr'>carne.</span> <span class='ocrx_word' id='word_1_40' title='bbox 1029 873 1132 962; x_wconf 86' lang='lat' dir='ltr'>Quod</span> <span class='ocrx_word' id='word_1_41' title='bbox 1149 881 1269 948; x_wconf 87' lang='lat' dir='ltr'>autem</span> 
     </span>
     <span class='ocr_line' id='line_1_7' title="bbox 179 975 1270 1076; baseline 0.003 -28"><span class='ocrx_word' id='word_1_42' title='bbox 179 975 299 1050; x_wconf 88' lang='lat' dir='ltr'>Maria</span> <span class='ocrx_word' id='word_1_43' title='bbox 314 976 414 1074; x_wconf 89' lang='lat' dir='ltr'>prius</span> <span class='ocrx_word' id='word_1_44' title='bbox 433 975 646 1072; x_wconf 81' lang='lat' dir='ltr'>desponsata</span> <span class='ocrx_word' id='word_1_45' title='bbox 667 982 722 1046; x_wconf 91' lang='lat' dir='ltr'>est</span> <span class='ocrx_word' id='word_1_46' title='bbox 749 981 785 1047; x_wconf 93' lang='grc'>11</span> <span class='ocrx_word' id='word_1_47' title='bbox 810 997 940 1047; x_wconf 93' lang='lat' dir='ltr'>nomen</span> <span class='ocrx_word' id='word_1_48' title='bbox 965 976 1034 1051; x_wconf 92' lang='lat' dir='ltr'>viri</span> <span class='ocrx_word' id='word_1_49' title='bbox 1060 977 1115 1049; x_wconf 89' lang='lat' dir='ltr'>sui</span> <span class='ocrx_word' id='word_1_50' title='bbox 1134 979 1270 1076; x_wconf 90' lang='lat' dir='ltr'>accepit</span> 
     </span>
     <span class='ocr_line' id='line_1_8' title="bbox 181 1078 1269 1176; baseline 0.004 -24"><span class='ocrx_word' id='word_1_51' title='bbox 181 1087 219 1152; x_wconf 90' lang='lat' dir='ltr'>et</span> <span class='ocrx_word' id='word_1_52' title='bbox 236 1081 320 1152; x_wconf 91' lang='lat' dir='ltr'>dein</span> <span class='ocrx_word' id='word_1_53' title='bbox 338 1078 522 1176; x_wconf 82' lang='lat' dir='ltr'>gravidata</span> <span class='ocrx_word' id='word_1_54' title='bbox 539 1085 604 1173; x_wconf 89' lang='lat' dir='ltr'>est,</span> <span class='ocrx_word' id='word_1_55' title='bbox 631 1078 668 1150; x_wconf 95' lang='lat' dir='ltr'>id</span> <span class='ocrx_word' id='word_1_56' title='bbox 684 1085 831 1175; x_wconf 91' lang='lat' dir='ltr'>propter</span> <span class='ocrx_word' id='word_1_57' title='bbox 850 1079 978 1152; x_wconf 86' lang='lat' dir='ltr'>seriem</span> <span class='ocrx_word' id='word_1_58' title='bbox 995 1104 1121 1176; x_wconf 91' lang='lat' dir='ltr'>regum</span> <span class='ocrx_word' id='word_1_59' title='bbox 1138 1080 1269 1156; x_wconf 86' lang='lat' dir='ltr'>factum</span> 
     </span>
     <span class='ocr_line' id='line_1_9' title="bbox 180 1180 1269 1280; baseline 0.002 -24"><span class='ocrx_word' id='word_1_60' title='bbox 180 1191 248 1278; x_wconf 89' lang='lat' dir='ltr'>est,</span> <span class='ocrx_word' id='word_1_61' title='bbox 267 1184 350 1280; x_wconf 83' lang='lat' dir='ltr'>quia</span> <span class='ocrx_word' id='word_1_62' title='bbox 365 1182 583 1280; x_wconf 88' lang='lat' dir='ltr'>impossibile</span> <span class='ocrx_word' id='word_1_63' title='bbox 599 1188 686 1276; x_wconf 88' lang='lat' dir='ltr'>erat,</span> <span class='ocrx_word' id='word_1_64' title='bbox 699 1188 740 1254; x_wconf 92' lang='lat' dir='ltr'>ut</span> <span class='ocrx_word' id='word_1_65' title='bbox 757 1180 872 1254; x_wconf 84' lang='lat' dir='ltr'>infans</span> <span class='ocrx_word' id='word_1_66' title='bbox 889 1183 1030 1256; x_wconf 89' lang='lat' dir='ltr'>nomine</span> <span class='ocrx_word' id='word_1_67' title='bbox 1043 1183 1167 1257; x_wconf 87' lang='lat' dir='ltr'>matris</span> <span class='ocrx_word' id='word_1_68' title='bbox 1183 1193 1269 1258; x_wconf 81' lang='lat' dir='ltr'>suas</span> 
     </span>
     <span class='ocr_line' id='line_1_10' title="bbox 181 1286 1269 1384; baseline 0.003 -24"><span class='ocrx_word' id='word_1_69' title='bbox 181 1287 413 1384; x_wconf 85' lang='lat' dir='ltr'>genealogiae</span> <span class='ocrx_word' id='word_1_70' title='bbox 432 1286 695 1379; x_wconf 84' lang='lat' dir='ltr'>inscriberetur,</span> <span class='ocrx_word' id='word_1_71' title='bbox 712 1286 779 1358; x_wconf 87' lang='lat' dir='ltr'>hac</span> <span class='ocrx_word' id='word_1_72' title='bbox 796 1292 913 1359; x_wconf 88' lang='lat' dir='ltr'>autem</span> <span class='ocrx_word' id='word_1_73' title='bbox 932 1288 1069 1361; x_wconf 85' lang='lat' dir='ltr'>ratione</span> <span class='ocrx_word' id='word_1_74' title='bbox 1087 1287 1181 1360; x_wconf 90' lang='lat' dir='ltr'>filius</span> <span class='ocrx_word' id='word_1_75' title='bbox 1199 1288 1269 1363; x_wconf 87' lang='lat' dir='ltr'>De-</span> 
     </span>
     <span class='ocr_line' id='line_1_11' title="bbox 181 1387 1270 1490; baseline 0.004 -26"><span class='ocrx_word' id='word_1_76' title='bbox 181 1392 243 1464; x_wconf 84' lang='lat' dir='ltr'>vid</span> <span class='ocrx_word' id='word_1_77' title='bbox 262 1391 406 1487; x_wconf 87' lang='lat' dir='ltr'>regibus</span> <span class='ocrx_word' id='word_1_78' title='bbox 425 1390 624 1486; x_wconf 87' lang='lat' dir='ltr'>adscriptus</span> <span class='ocrx_word' id='word_1_79' title='bbox 639 1395 702 1462; x_wconf 90' lang='lat' dir='ltr'>est.</span> <span class='ocrx_word' id='word_1_80' title='bbox 716 1387 787 1462; x_wconf 88' lang='lat' dir='ltr'>Vel</span> <span class='ocrx_word' id='word_1_81' title='bbox 805 1397 952 1487; x_wconf 89' lang='lat' dir='ltr'>propter</span> <span class='ocrx_word' id='word_1_82' title='bbox 969 1397 1127 1465; x_wconf 88' lang='lat' dir='ltr'>mentem</span> <span class='ocrx_word' id='word_1_83' title='bbox 1144 1417 1270 1490; x_wconf 90' lang='lat' dir='ltr'>pravo-</span> 
     </span>
     <span class='ocr_line' id='line_1_12' title="bbox 180 1492 1268 1590; baseline 0.002 -24"><span class='ocrx_word' id='word_1_84' title='bbox 180 1519 263 1567; x_wconf 90' lang='lat' dir='ltr'>rum</span> <span class='ocrx_word' id='word_1_85' title='bbox 279 1494 461 1569; x_wconf 91' lang='lat' dir='ltr'>hominum</span> <span class='ocrx_word' id='word_1_86' title='bbox 479 1493 516 1566; x_wconf 93' lang='lat' dir='ltr'>id</span> <span class='ocrx_word' id='word_1_87' title='bbox 532 1494 663 1566; x_wconf 84' lang='lat' dir='ltr'>lactum</span> <span class='ocrx_word' id='word_1_88' title='bbox 681 1499 746 1586; x_wconf 88' lang='lat' dir='ltr'>est,</span> <span class='ocrx_word' id='word_1_89' title='bbox 765 1492 826 1590; x_wconf 92' lang='lat' dir='ltr'>qui</span> <span class='ocrx_word' id='word_1_90' title='bbox 843 1493 1054 1569; x_wconf 89' lang='lat' dir='ltr'>calumniam</span> <span class='ocrx_word' id='word_1_91' title='bbox 1067 1495 1268 1570; x_wconf 85' lang='lat' dir='ltr'>fornicatio·</span> 
     </span>
     <span class='ocr_line' id='line_1_13' title="bbox 179 1595 1270 1697; baseline 0.002 -27"><span class='ocrx_word' id='word_1_92' title='bbox 179 1598 237 1671; x_wconf 92' lang='lat' dir='ltr'>nis</span> <span class='ocrx_word' id='word_1_93' title='bbox 266 1597 400 1670; x_wconf 89' lang='lat' dir='ltr'>Mariae</span> <span class='ocrx_word' id='word_1_94' title='bbox 428 1597 646 1693; x_wconf 89' lang='lat' dir='ltr'>ingererent,</span> <span class='ocrx_word' id='word_1_95' title='bbox 672 1619 782 1693; x_wconf 89' lang='lat' dir='ltr'>quare</span> <span class='ocrx_word' id='word_1_96' title='bbox 808 1595 885 1670; x_wconf 84' lang='lat' dir='ltr'>viro</span> <span class='ocrx_word' id='word_1_97' title='bbox 911 1598 990 1671; x_wconf 91' lang='lat' dir='ltr'>miti</span> <span class='ocrx_word' id='word_1_98' title='bbox 1016 1599 1099 1672; x_wconf 87' lang='lat' dir='ltr'>data</span> <span class='ocrx_word' id='word_1_99' title='bbox 1115 1607 1183 1694; x_wconf 91' lang='lat' dir='ltr'>est,</span> <span class='ocrx_word' id='word_1_100' title='bbox 1210 1601 1270 1697; x_wconf 91' lang='lat' dir='ltr'>qui</span> 
     </span>
     <span class='ocr_line' id='line_1_14' title="bbox 180 1696 1270 1802; baseline 0.005 -29"><span class='ocrx_word' id='word_1_101' title='bbox 180 1725 272 1797; x_wconf 88' lang='lat' dir='ltr'>eam,</span> <span class='ocrx_word' id='word_1_102' title='bbox 285 1727 394 1798; x_wconf 92' lang='lat' dir='ltr'>quum</span> <span class='ocrx_word' id='word_1_103' title='bbox 407 1696 609 1798; x_wconf 80' lang='lat' dir='ltr'>praegnans</span> <span class='ocrx_word' id='word_1_104' title='bbox 621 1701 897 1797; x_wconf 76' lang='lat' dir='ltr'>conspiceretur,</span> <span class='ocrx_word' id='word_1_105' title='bbox 911 1703 1093 1797; x_wconf 87' lang='lat' dir='ltr'>retineret,</span> <span class='ocrx_word' id='word_1_106' title='bbox 1108 1710 1144 1775; x_wconf 97' lang='grc'>11</span> <span class='ocrx_word' id='word_1_107' title='bbox 1161 1729 1270 1802; x_wconf 90' lang='lat' dir='ltr'>quum</span> 
     </span>
     <span class='ocr_line' id='line_1_15' title="bbox 179 1803 1271 1903; baseline 0.003 -24"><span class='ocrx_word' id='word_1_108' title='bbox 179 1811 336 1903; x_wconf 88' lang='lat' dir='ltr'>pareret,</span> <span class='ocrx_word' id='word_1_109' title='bbox 351 1830 370 1877; x_wconf 93' lang='lat' dir='ltr'>e</span> <span class='ocrx_word' id='word_1_110' title='bbox 385 1805 488 1877; x_wconf 93' lang='lat' dir='ltr'>domo</span> <span class='ocrx_word' id='word_1_111' title='bbox 501 1829 573 1877; x_wconf 93' lang='lat' dir='ltr'>non</span> <span class='ocrx_word' id='word_1_112' title='bbox 586 1803 797 1902; x_wconf 87' lang='lat' dir='ltr'>expelleret,</span> <span class='ocrx_word' id='word_1_113' title='bbox 812 1805 875 1877; x_wconf 91' lang='lat' dir='ltr'>sed</span> <span class='ocrx_word' id='word_1_114' title='bbox 893 1829 973 1879; x_wconf 92' lang='lat' dir='ltr'>oum</span> <span class='ocrx_word' id='word_1_115' title='bbox 987 1830 1030 1880; x_wconf 90' lang='lat' dir='ltr'>ea</span> <span class='ocrx_word' id='word_1_116' title='bbox 1041 1807 1218 1882; x_wconf 90' lang='lat' dir='ltr'>habitaret</span> <span class='ocrx_word' id='word_1_117' title='bbox 1235 1817 1271 1882; x_wconf 93' lang='lat' dir='ltr'>et</span> 
     </span>
     <span class='ocr_line' id='line_1_16' title="bbox 180 1907 1326 2006; baseline 0.003 -25"><span class='ocrx_word' id='word_1_118' title='bbox 180 1909 371 1982; x_wconf 89' lang='lat' dir='ltr'>calumniis</span> <span class='ocrx_word' id='word_1_119' title='bbox 397 1931 589 2006; x_wconf 86' lang='lat' dir='ltr'>oppressae</span> <span class='ocrx_word' id='word_1_120' title='bbox 625 1908 758 1980; x_wconf 88' lang='lat' dir='ltr'>socium</span> <span class='ocrx_word' id='word_1_121' title='bbox 792 1907 1030 1984; x_wconf 86' lang='lat' dir='ltr'>voluntarium</span> <span class='ocrx_word' id='word_1_122' title='bbox 1057 1935 1095 1984; x_wconf 91' lang='lat' dir='ltr'>se</span> <span class='ocrx_word' id='word_1_123' title='bbox 1125 1913 1271 1986; x_wconf 84' lang='lat' dir='ltr'>exhibe·</span> <span class='ocrx_word' id='word_1_124' title='bbox 1318 1915 1326 1936; x_wconf 89' lang='lat'><em>&#39;</em></span> 
     </span>
     <span class='ocr_line' id='line_1_17' title="bbox 183 2011 1271 2112; baseline 0.003 -26"><span class='ocrx_word' id='word_1_125' title='bbox 183 2020 251 2086; x_wconf 88' lang='lat' dir='ltr'>ret.</span> <span class='ocrx_word' id='word_1_126' title='bbox 278 2013 398 2088; x_wconf 87' lang='lat' dir='ltr'>Testis</span> <span class='ocrx_word' id='word_1_127' title='bbox 425 2012 483 2085; x_wconf 90' lang='lat' dir='ltr'>hio</span> <span class='ocrx_word' id='word_1_128' title='bbox 509 2019 586 2086; x_wconf 89' lang='grc'><strong>1111</strong></span> <span class='ocrx_word' id='word_1_129' title='bbox 612 2011 748 2086; x_wconf 86' lang='grc' dir='ltr'><strong>Μ11111</strong></span> <span class='ocrx_word' id='word_1_130' title='bbox 775 2011 869 2108; x_wconf 91' lang='lat' dir='ltr'>apud</span> <span class='ocrx_word' id='word_1_131' title='bbox 894 2037 1028 2107; x_wconf 88' lang='lat' dir='ltr'>omnes,</span> <span class='ocrx_word' id='word_1_132' title='bbox 1055 2015 1168 2088; x_wconf 91' lang='lat' dir='ltr'>filium</span> <span class='ocrx_word' id='word_1_133' title='bbox 1194 2017 1271 2112; x_wconf 90' lang='lat' dir='ltr'>ejus</span> 
     </span>
     <span class='ocr_line' id='line_1_18' title="bbox 181 2115 1269 2218; baseline 0.002 -28"><span class='ocrx_word' id='word_1_134' title='bbox 181 2140 256 2190; x_wconf 92' lang='lat' dir='ltr'>non</span> <span class='ocrx_word' id='word_1_135' title='bbox 272 2139 319 2189; x_wconf 89' lang='grc'>11</span> <span class='ocrx_word' id='word_1_136' title='bbox 336 2115 511 2192; x_wconf 89' lang='lat' dir='ltr'>adulterio</span> <span class='ocrx_word' id='word_1_137' title='bbox 529 2123 656 2210; x_wconf 87' lang='lat' dir='ltr'>ortum,</span> <span class='ocrx_word' id='word_1_138' title='bbox 676 2115 739 2188; x_wconf 91' lang='lat' dir='ltr'>sed</span> <span class='ocrx_word' id='word_1_139' title='bbox 754 2137 799 2186; x_wconf 87' lang='lat' dir='ltr'>ex</span> <span class='ocrx_word' id='word_1_140' title='bbox 812 2115 944 2189; x_wconf 90' lang='lat' dir='ltr'>virtute</span> <span class='ocrx_word' id='word_1_141' title='bbox 955 2117 1109 2216; x_wconf 87' lang='lat' dir='ltr'>Spiritus</span> <span class='ocrx_word' id='word_1_142' title='bbox 1123 2141 1269 2218; x_wconf 91' lang='lat' dir='ltr'>concep-</span> 
     </span>
     <span class='ocr_line' id='line_1_19' title="bbox 183 2227 370 2294; baseline 0 -2"><span class='ocrx_word' id='word_1_143' title='bbox 183 2227 261 2294; x_wconf 90' lang='lat' dir='ltr'>tum</span> <span class='ocrx_word' id='word_1_144' title='bbox 280 2244 370 2294; x_wconf 92' lang='lat' dir='ltr'>esse.</span> 
     </span>
    </p>

    <p class='ocr_par' dir='ltr' id='par_1_3' title="bbox 180 2321 1270 3875">
     <span class='ocr_line' id='line_1_20' title="bbox 286 2321 1270 2411; baseline 0.002 -12"><span class='ocrx_word' id='word_1_145' title='bbox 286 2326 403 2399; x_wconf 85' lang='lat' dir='ltr'>Netos</span> <span class='ocrx_word' id='word_1_146' title='bbox 420 2330 475 2396; x_wconf 90' lang='lat' dir='ltr'>est</span> <span class='ocrx_word' id='word_1_147' title='bbox 491 2330 609 2396; x_wconf 88' lang='lat' dir='ltr'>autem</span> <span class='ocrx_word' id='word_1_148' title='bbox 628 2324 704 2396; x_wconf 91' lang='lat' dir='ltr'>sine</span> <span class='ocrx_word' id='word_1_149' title='bbox 716 2321 803 2396; x_wconf 85' lang='lat' dir='ltr'>viro.</span> <span class='ocrx_word' id='word_1_150' title='bbox 823 2321 1125 2411; x_wconf 80' lang='lat' dir='ltr'>Quemadmodum</span> <span class='ocrx_word' id='word_1_151' title='bbox 1142 2329 1186 2402; x_wconf 85' lang='lat' dir='ltr'>ab</span> <span class='ocrx_word' id='word_1_152' title='bbox 1203 2328 1270 2401; x_wconf 88' lang='lat' dir='ltr'>ini·</span> 
     </span>
     <span class='ocr_line' id='line_1_21' title="bbox 182 2426 1269 2524; baseline 0.007 -26"><span class='ocrx_word' id='word_1_153' title='bbox 182 2427 233 2500; x_wconf 93' lang='lat' dir='ltr'>tio</span> <span class='ocrx_word' id='word_1_154' title='bbox 260 2429 339 2524; x_wconf 83' lang='lat' dir='ltr'>Eva</span> <span class='ocrx_word' id='word_1_155' title='bbox 356 2452 403 2501; x_wconf 86' lang='grc'>11</span> <span class='ocrx_word' id='word_1_156' title='bbox 419 2427 557 2502; x_wconf 86' lang='lat' dir='ltr'>Adamo</span> <span class='ocrx_word' id='word_1_157' title='bbox 585 2427 660 2500; x_wconf 90' lang='lat' dir='ltr'>sine</span> <span class='ocrx_word' id='word_1_158' title='bbox 687 2426 850 2523; x_wconf 91' lang='lat' dir='ltr'>conjugio</span> <span class='ocrx_word' id='word_1_159' title='bbox 877 2435 961 2501; x_wconf 89' lang='lat' dir='ltr'>nata</span> <span class='ocrx_word' id='word_1_160' title='bbox 986 2435 1051 2522; x_wconf 88' lang='lat' dir='ltr'>est,</span> <span class='ocrx_word' id='word_1_161' title='bbox 1077 2429 1129 2502; x_wconf 91' lang='lat' dir='ltr'>ita</span> <span class='ocrx_word' id='word_1_162' title='bbox 1154 2430 1269 2506; x_wconf 87' lang='lat' dir='ltr'>Maria</span> 
     </span>
     <span class='ocr_line' id='line_1_22' title="bbox 181 2531 1268 2631; baseline 0.005 -27"><span class='ocrx_word' id='word_1_163' title='bbox 181 2531 336 2630; x_wconf 89' lang='lat' dir='ltr'>Iosepho</span> <span class='ocrx_word' id='word_1_164' title='bbox 355 2539 391 2604; x_wconf 89' lang='lat' dir='ltr'>et</span> <span class='ocrx_word' id='word_1_165' title='bbox 406 2532 509 2628; x_wconf 82' lang='lat' dir='ltr'>virgo</span> <span class='ocrx_word' id='word_1_166' title='bbox 527 2537 564 2603; x_wconf 89' lang='lat' dir='ltr'>et</span> <span class='ocrx_word' id='word_1_167' title='bbox 580 2555 671 2604; x_wconf 88' lang='lat' dir='ltr'>uxor</span> <span class='ocrx_word' id='word_1_168' title='bbox 689 2537 775 2603; x_wconf 90' lang='grc'><strong>1111.</strong></span> <span class='ocrx_word' id='word_1_169' title='bbox 802 2531 880 2604; x_wconf 82' lang='lat' dir='ltr'>Eva</span> <span class='ocrx_word' id='word_1_170' title='bbox 904 2533 1045 2629; x_wconf 83' lang='lat' dir='ltr'>peperit</span> <span class='ocrx_word' id='word_1_171' title='bbox 1066 2534 1268 2631; x_wconf 86' lang='lat' dir='ltr'>occisorem,</span> 
     </span>
     <span class='ocr_line' id='line_1_23' title="bbox 181 2633 1270 2740; baseline 0.009 -33"><span class='ocrx_word' id='word_1_172' title='bbox 181 2634 263 2708; x_wconf 92' lang='lat' dir='ltr'>ideo</span> <span class='ocrx_word' id='word_1_173' title='bbox 282 2635 397 2710; x_wconf 89' lang='lat' dir='ltr'>Maria</span> <span class='ocrx_word' id='word_1_174' title='bbox 412 2634 553 2734; x_wconf 90' lang='lat' dir='ltr'>peperit</span> <span class='ocrx_word' id='word_1_175' title='bbox 578 2635 841 2708; x_wconf 84' lang='lat' dir='ltr'>vivificatorem.</span> <span class='ocrx_word' id='word_1_176' title='bbox 867 2633 938 2709; x_wconf 88' lang='lat' dir='ltr'>Illa</span> <span class='ocrx_word' id='word_1_177' title='bbox 954 2637 1094 2734; x_wconf 88' lang='lat' dir='ltr'>peperit</span> <span class='ocrx_word' id='word_1_178' title='bbox 1111 2662 1191 2714; x_wconf 89' lang='grc'><strong>1111</strong></span> <span class='ocrx_word' id='word_1_179' title='bbox 1208 2645 1270 2740; x_wconf 90' lang='lat' dir='ltr'>qui</span> 
     </span>
     <span class='ocr_line' id='line_1_24' title="bbox 182 2737 1269 2844; baseline 0.008 -32"><span class='ocrx_word' id='word_1_180' title='bbox 182 2739 310 2812; x_wconf 84' lang='lat' dir='ltr'>effudit</span> <span class='ocrx_word' id='word_1_181' title='bbox 335 2741 543 2836; x_wconf 87' lang='lat' dir='ltr'>sanguinem</span> <span class='ocrx_word' id='word_1_182' title='bbox 568 2737 687 2812; x_wconf 85' lang='lat' dir='ltr'>fratris</span> <span class='ocrx_word' id='word_1_183' title='bbox 707 2737 772 2832; x_wconf 91' lang='lat' dir='ltr'>sui,</span> <span class='ocrx_word' id='word_1_184' title='bbox 799 2739 887 2812; x_wconf 89' lang='lat' dir='ltr'>haec</span> <span class='ocrx_word' id='word_1_185' title='bbox 911 2741 1052 2838; x_wconf 90' lang='lat' dir='ltr'>peperit</span> <span class='ocrx_word' id='word_1_186' title='bbox 1072 2765 1153 2817; x_wconf 90' lang='lat' dir='ltr'>eum</span> <span class='ocrx_word' id='word_1_187' title='bbox 1169 2747 1269 2844; x_wconf 90' lang='lat' dir='ltr'>cujus</span> 
     </span>
     <span class='ocr_line' id='line_1_25' title="bbox 181 2841 1269 2948; baseline 0.007 -32"><span class='ocrx_word' id='word_1_188' title='bbox 181 2843 330 2940; x_wconf 87' lang='lat' dir='ltr'>sanguis</span> <span class='ocrx_word' id='word_1_189' title='bbox 348 2844 553 2918; x_wconf 82' lang='grc'><strong>1111111111</strong></span> <span class='ocrx_word' id='word_1_190' title='bbox 572 2841 645 2915; x_wconf 91' lang='lat' dir='ltr'>suis</span> <span class='ocrx_word' id='word_1_191' title='bbox 672 2841 806 2915; x_wconf 87' lang='lat' dir='ltr'>effusus</span> <span class='ocrx_word' id='word_1_192' title='bbox 824 2850 888 2915; x_wconf 91' lang='lat' dir='ltr'>est.</span> <span class='ocrx_word' id='word_1_193' title='bbox 915 2844 986 2917; x_wconf 91' lang='lat' dir='ltr'>Illa</span> <span class='ocrx_word' id='word_1_194' title='bbox 1002 2845 1092 2918; x_wconf 90' lang='lat' dir='ltr'>vidit</span> <span class='ocrx_word' id='word_1_195' title='bbox 1109 2871 1191 2922; x_wconf 88' lang='lat' dir='ltr'>eum</span> <span class='ocrx_word' id='word_1_196' title='bbox 1208 2852 1269 2948; x_wconf 92' lang='lat' dir='ltr'>qui</span> 
     </span>
     <span class='ocr_line' id='line_1_26' title="bbox 181 2947 1268 3047; baseline 0.006 -27"><span class='ocrx_word' id='word_1_197' title='bbox 181 2973 249 3045; x_wconf 93' lang='lat' dir='ltr'>per</span> <span class='ocrx_word' id='word_1_198' title='bbox 266 2947 455 3021; x_wconf 90' lang='lat' dir='ltr'>maledicta</span> <span class='ocrx_word' id='word_1_199' title='bbox 471 2956 587 3021; x_wconf 88' lang='lat' dir='ltr'>terrae</span> <span class='ocrx_word' id='word_1_200' title='bbox 606 2953 763 3020; x_wconf 90' lang='lat' dir='ltr'>tremens</span> <span class='ocrx_word' id='word_1_201' title='bbox 777 2953 813 3017; x_wconf 89' lang='lat' dir='ltr'>ct</span> <span class='ocrx_word' id='word_1_202' title='bbox 825 2947 997 3044; x_wconf 88' lang='lat' dir='ltr'>profugus</span> <span class='ocrx_word' id='word_1_203' title='bbox 1014 2949 1127 3024; x_wconf 83' lang='lat' dir='ltr'>factus</span> <span class='ocrx_word' id='word_1_204' title='bbox 1146 2959 1212 3047; x_wconf 88' lang='lat' dir='ltr'>est,</span> <span class='ocrx_word' id='word_1_205' title='bbox 1231 2962 1268 3027; x_wconf 91' lang='lat' dir='ltr'>et</span> 
     </span>
     <span class='ocr_line' id='line_1_27' title="bbox 182 3048 1268 3150; baseline 0.005 -24"><span class='ocrx_word' id='word_1_206' title='bbox 182 3053 273 3128; x_wconf 86' lang='lat' dir='ltr'>haec</span> <span class='ocrx_word' id='word_1_207' title='bbox 289 3051 379 3126; x_wconf 84' lang='lat' dir='ltr'>vidit</span> <span class='ocrx_word' id='word_1_208' title='bbox 396 3075 477 3125; x_wconf 88' lang='lat' dir='ltr'>eum</span> <span class='ocrx_word' id='word_1_209' title='bbox 494 3049 555 3148; x_wconf 93' lang='lat' dir='ltr'>qui</span> <span class='ocrx_word' id='word_1_210' title='bbox 571 3049 760 3122; x_wconf 86' lang='lat' dir='ltr'>maledicta</span> <span class='ocrx_word' id='word_1_211' title='bbox 771 3048 915 3122; x_wconf 88' lang='lat' dir='ltr'>sustulit</span> <span class='ocrx_word' id='word_1_212' title='bbox 933 3059 969 3124; x_wconf 92' lang='lat' dir='ltr'>et</span> <span class='ocrx_word' id='word_1_213' title='bbox 986 3051 1024 3124; x_wconf 93' lang='lat' dir='ltr'>in</span> <span class='ocrx_word' id='word_1_214' title='bbox 1039 3052 1137 3150; x_wconf 90' lang='lat' dir='ltr'>ligno</span> <span class='ocrx_word' id='word_1_215' title='bbox 1155 3059 1268 3132; x_wconf 89' lang='lat' dir='ltr'>crucis</span> 
     </span>
     <span class='ocr_line' id='line_1_28' title="bbox 182 3151 1270 3258; baseline 0.006 -29"><span class='ocrx_word' id='word_1_216' title='bbox 182 3155 295 3230; x_wconf 84' lang='lat' dir='ltr'>clavis</span> <span class='ocrx_word' id='word_1_217' title='bbox 313 3156 437 3229; x_wconf 87' lang='lat' dir='ltr'>affixit.</span> <span class='ocrx_word' id='word_1_218' title='bbox 464 3155 509 3230; x_wconf 92' lang='lat' dir='ltr'>In</span> <span class='ocrx_word' id='word_1_219' title='bbox 524 3152 675 3250; x_wconf 88' lang='lat' dir='ltr'>virginis</span> <span class='ocrx_word' id='word_1_220' title='bbox 704 3151 932 3250; x_wconf 88' lang='lat' dir='ltr'>conceptione</span> <span class='ocrx_word' id='word_1_221' title='bbox 948 3151 1056 3250; x_wconf 88' lang='lat' dir='ltr'>disce,</span> <span class='ocrx_word' id='word_1_222' title='bbox 1085 3159 1190 3254; x_wconf 94' lang='lat' dir='ltr'>quod,</span> <span class='ocrx_word' id='word_1_223' title='bbox 1208 3162 1270 3258; x_wconf 93' lang='lat' dir='ltr'>qui</span> 
     </span>
     <span class='ocr_line' id='line_1_29' title="bbox 183 3255 1268 3359; baseline 0.006 -27"><span class='ocrx_word' id='word_1_224' title='bbox 183 3259 262 3333; x_wconf 92' lang='lat' dir='ltr'>sine</span> <span class='ocrx_word' id='word_1_225' title='bbox 289 3260 452 3357; x_wconf 88' lang='lat' dir='ltr'>conjugio</span> <span class='ocrx_word' id='word_1_226' title='bbox 479 3258 656 3333; x_wconf 88' lang='lat' dir='ltr'>Adamum</span> <span class='ocrx_word' id='word_1_227' title='bbox 682 3281 729 3330; x_wconf 87' lang='lat' dir='ltr'>ex</span> <span class='ocrx_word' id='word_1_228' title='bbox 753 3255 915 3353; x_wconf 84' lang='lat' dir='ltr'>virginea</span> <span class='ocrx_word' id='word_1_229' title='bbox 934 3264 1032 3332; x_wconf 90' lang='lat' dir='ltr'>terra</span> <span class='ocrx_word' id='word_1_230' title='bbox 1051 3263 1211 3359; x_wconf 89' lang='lat' dir='ltr'>protulit,</span> <span class='ocrx_word' id='word_1_231' title='bbox 1237 3265 1268 3338; x_wconf 91' lang='lat' dir='ltr'>is</span> 
     </span>
     <span class='ocr_line' id='line_1_30' title="bbox 182 3361 1268 3458; baseline 0.006 -24"><span class='ocrx_word' id='word_1_232' title='bbox 182 3363 292 3436; x_wconf 85' lang='lat' dir='ltr'>etiam</span> <span class='ocrx_word' id='word_1_233' title='bbox 308 3364 485 3438; x_wconf 87' lang='lat' dir='ltr'>Adamum</span> <span class='ocrx_word' id='word_1_234' title='bbox 504 3361 696 3435; x_wconf 90' lang='lat' dir='ltr'>secundum</span> <span class='ocrx_word' id='word_1_235' title='bbox 713 3361 752 3434; x_wconf 92' lang='lat' dir='ltr'>in</span> <span class='ocrx_word' id='word_1_236' title='bbox 768 3368 870 3434; x_wconf 89' lang='lat' dir='ltr'>utero</span> <span class='ocrx_word' id='word_1_237' title='bbox 886 3361 1037 3458; x_wconf 86' lang='lat' dir='ltr'>virginis</span> <span class='ocrx_word' id='word_1_238' title='bbox 1053 3364 1268 3442; x_wconf 86' lang='lat' dir='ltr'>formaverit.</span> 
     </span>
     <span class='ocr_line' id='line_1_31' title="bbox 180 3466 1269 3568; baseline 0.007 -29"><span class='ocrx_word' id='word_1_239' title='bbox 180 3467 230 3539; x_wconf 85' lang='lat' dir='ltr'>Et</span> <span class='ocrx_word' id='word_1_240' title='bbox 246 3466 330 3563; x_wconf 90' lang='lat' dir='ltr'>quia</span> <span class='ocrx_word' id='word_1_241' title='bbox 341 3467 479 3564; x_wconf 90' lang='lat' dir='ltr'>primus</span> <span class='ocrx_word' id='word_1_242' title='bbox 496 3467 600 3540; x_wconf 93' lang='lat' dir='ltr'>homo</span> <span class='ocrx_word' id='word_1_243' title='bbox 627 3466 666 3538; x_wconf 89' lang='lat' dir='ltr'>in</span> <span class='ocrx_word' id='word_1_244' title='bbox 691 3473 833 3539; x_wconf 88' lang='lat' dir='ltr'>uterum</span> <span class='ocrx_word' id='word_1_245' title='bbox 849 3466 973 3539; x_wconf 88' lang='lat' dir='ltr'>matris</span> <span class='ocrx_word' id='word_1_246' title='bbox 991 3491 1076 3542; x_wconf 89' lang='lat' dir='ltr'>suae</span> <span class='ocrx_word' id='word_1_247' title='bbox 1102 3471 1269 3568; x_wconf 90' lang='lat' dir='ltr'>redierat,</span> 
     </span>
     <span class='ocr_line' id='line_1_32' title="bbox 180 3569 1269 3667; baseline 0.006 -25"><span class='ocrx_word' id='word_1_248' title='bbox 180 3593 247 3667; x_wconf 87' lang='lat' dir='ltr'>per</span> <span class='ocrx_word' id='word_1_249' title='bbox 263 3571 358 3644; x_wconf 91' lang='lat' dir='ltr'>huno</span> <span class='ocrx_word' id='word_1_250' title='bbox 375 3569 579 3664; x_wconf 90' lang='lat' dir='ltr'>secundum,</span> <span class='ocrx_word' id='word_1_251' title='bbox 600 3569 711 3667; x_wconf 90' lang='lat' dir='ltr'>quiin</span> <span class='ocrx_word' id='word_1_252' title='bbox 727 3576 869 3642; x_wconf 89' lang='lat' dir='ltr'>uterum</span> <span class='ocrx_word' id='word_1_253' title='bbox 886 3570 1010 3644; x_wconf 88' lang='lat' dir='ltr'>matris</span> <span class='ocrx_word' id='word_1_254' title='bbox 1028 3595 1112 3646; x_wconf 88' lang='lat' dir='ltr'>suae</span> <span class='ocrx_word' id='word_1_255' title='bbox 1125 3597 1196 3648; x_wconf 93' lang='lat' dir='ltr'>non</span> <span class='ocrx_word' id='word_1_256' title='bbox 1214 3601 1269 3650; x_wconf 91' lang='grc'>11-</span> 
     </span>
     <span class='ocr_line' id='line_1_33' title="bbox 180 3672 1268 3771; baseline 0.008 -26"><span class='ocrx_word' id='word_1_257' title='bbox 180 3674 290 3768; x_wconf 90' lang='lat' dir='ltr'>dibat,</span> <span class='ocrx_word' id='word_1_258' title='bbox 308 3675 474 3748; x_wconf 88' lang='lat' dir='ltr'>reductus</span> <span class='ocrx_word' id='word_1_259' title='bbox 492 3680 548 3746; x_wconf 89' lang='lat' dir='ltr'>est</span> <span class='ocrx_word' id='word_1_260' title='bbox 562 3674 624 3748; x_wconf 92' lang='lat' dir='ltr'>ille</span> <span class='ocrx_word' id='word_1_261' title='bbox 641 3673 789 3771; x_wconf 90' lang='lat' dir='ltr'>primus,</span> <span class='ocrx_word' id='word_1_262' title='bbox 806 3672 868 3768; x_wconf 93' lang='lat' dir='ltr'>qui</span> <span class='ocrx_word' id='word_1_263' title='bbox 881 3672 918 3746; x_wconf 92' lang='lat' dir='ltr'>in</span> <span class='ocrx_word' id='word_1_264' title='bbox 931 3681 1033 3748; x_wconf 91' lang='lat' dir='ltr'>utero</span> <span class='ocrx_word' id='word_1_265' title='bbox 1046 3679 1170 3752; x_wconf 86' lang='lat' dir='ltr'>matris</span> <span class='ocrx_word' id='word_1_266' title='bbox 1184 3704 1268 3754; x_wconf 87' lang='lat' dir='ltr'>suae</span> 
     </span>
     <span class='ocr_line' id='line_1_34' title="bbox 183 3778 458 3875; baseline 0.007 -25"><span class='ocrx_word' id='word_1_267' title='bbox 183 3778 346 3875; x_wconf 88' lang='lat' dir='ltr'>sepultus</span> <span class='ocrx_word' id='word_1_268' title='bbox 365 3786 420 3852; x_wconf 89' lang='grc'>111</span> <span class='ocrx_word' id='word_1_269' title='bbox 435 3778 458 3852; x_wconf 78' lang='lat'>¹.</span> 
     </span>
    </p>
   </div>
   <div class='ocr_carea' id='block_1_3' title="bbox 184 4113 1269 4494">
    <p class='ocr_par' dir='ltr' id='par_1_4' title="bbox 184 4113 1269 4494">
     <span class='ocr_line' id='line_1_35' title="bbox 263 4113 1269 4198; baseline 0.002 -22"><span class='ocrx_word' id='word_1_270' title='bbox 263 4120 289 4176; x_wconf 89' lang='lat'>1.</span> <span class='ocrx_word' id='word_1_271' title='bbox 311 4118 425 4177; x_wconf 84' lang='lat' dir='ltr'>Sensus</span> <span class='ocrx_word' id='word_1_272' title='bbox 437 4120 496 4178; x_wconf 87' lang='lat' dir='ltr'>est:</span> <span class='ocrx_word' id='word_1_273' title='bbox 508 4116 606 4177; x_wconf 84' lang='lat' dir='ltr'>Adam</span> <span class='ocrx_word' id='word_1_274' title='bbox 616 4117 756 4176; x_wconf 88' lang='lat' dir='ltr'>mortuus</span> <span class='ocrx_word' id='word_1_275' title='bbox 770 4113 845 4175; x_wconf 85' lang='lat' dir='ltr'>etin</span> <span class='ocrx_word' id='word_1_276' title='bbox 861 4113 1017 4190; x_wconf 78' lang='lat' dir='ltr'>pulverem</span> <span class='ocrx_word' id='word_1_277' title='bbox 1032 4123 1199 4179; x_wconf 82' lang='lat' dir='ltr'>convorsus</span> <span class='ocrx_word' id='word_1_278' title='bbox 1213 4137 1269 4198; x_wconf 85' lang='lat' dir='ltr'>per</span> 
     </span>
     <span class='ocr_line' id='line_1_36' title="bbox 184 4193 1269 4274; baseline 0.004 -20"><span class='ocrx_word' id='word_1_279' title='bbox 184 4194 341 4255; x_wconf 76' lang='lat' dir='ltr'>Christum</span> <span class='ocrx_word' id='word_1_280' title='bbox 353 4197 385 4255; x_wconf 93' lang='lat' dir='ltr'>in</span> <span class='ocrx_word' id='word_1_281' title='bbox 398 4197 557 4274; x_wconf 77' lang='lat' dir='ltr'>puluerem</span> <span class='ocrx_word' id='word_1_282' title='bbox 570 4215 632 4255; x_wconf 91' lang='lat' dir='ltr'>non</span> <span class='ocrx_word' id='word_1_283' title='bbox 646 4211 826 4254; x_wconf 80' lang='lat' dir='ltr'>conversum</span> <span class='ocrx_word' id='word_1_284' title='bbox 838 4193 985 4254; x_wconf 86' lang='lat' dir='ltr'>reductus</span> <span class='ocrx_word' id='word_1_285' title='bbox 1003 4201 1062 4256; x_wconf 85' lang='lat' dir='ltr'>est.</span> <span class='ocrx_word' id='word_1_286' title='bbox 1079 4199 1116 4256; x_wconf 89' lang='lat' dir='ltr'>In</span> <span class='ocrx_word' id='word_1_287' title='bbox 1128 4199 1233 4259; x_wconf 90' lang='lat' dir='ltr'>codice</span> <span class='ocrx_word' id='word_1_288' title='bbox 1244 4201 1269 4258; x_wconf 94' lang='lat' dir='ltr'>B</span> 
     </span>
     <span class='ocr_line' id='line_1_37' title="bbox 186 4271 1269 4351; baseline 0.004 -20"><span class='ocrx_word' id='word_1_289' title='bbox 186 4274 265 4333; x_wconf 88' lang='grc'><strong>11111</strong></span> <span class='ocrx_word' id='word_1_290' title='bbox 278 4276 322 4334; x_wconf 86' lang='grc'>111</span> <span class='ocrx_word' id='word_1_291' title='bbox 335 4275 502 4336; x_wconf 88' lang='lat' dir='ltr'>habentur:</span> <span class='ocrx_word' id='word_1_292' title='bbox 521 4276 562 4334; x_wconf 82' lang='lat' dir='ltr'>Et</span> <span class='ocrx_word' id='word_1_293' title='bbox 581 4274 653 4351; x_wconf 87' lang='lat' dir='ltr'>quis</span> <span class='ocrx_word' id='word_1_294' title='bbox 665 4273 780 4350; x_wconf 89' lang='lat' dir='ltr'>primus</span> <span class='ocrx_word' id='word_1_295' title='bbox 797 4273 888 4331; x_wconf 89' lang='lat' dir='ltr'>homo</span> <span class='ocrx_word' id='word_1_296' title='bbox 899 4271 931 4332; x_wconf 92' lang='lat' dir='ltr'>in</span> <span class='ocrx_word' id='word_1_297' title='bbox 941 4277 1061 4335; x_wconf 84' lang='lat' dir='ltr'>uterum</span> <span class='ocrx_word' id='word_1_298' title='bbox 1076 4279 1269 4338; x_wconf 81' lang='lat' dir='ltr'>matrissuae</span> 
     </span>
     <span class='ocr_line' id='line_1_38' title="bbox 185 4351 1266 4434; baseline 0.002 -23"><span class='ocrx_word' id='word_1_299' title='bbox 185 4353 323 4413; x_wconf 84' lang='lat' dir='ltr'>redierat</span> <span class='ocrx_word' id='word_1_300' title='bbox 336 4371 503 4414; x_wconf 82' lang='lat' dir='ltr'>conversus</span> <span class='ocrx_word' id='word_1_301' title='bbox 518 4357 566 4413; x_wconf 88' lang='grc'>111</span> <span class='ocrx_word' id='word_1_302' title='bbox 574 4372 630 4431; x_wconf 87' lang='lat' dir='ltr'>per</span> <span class='ocrx_word' id='word_1_303' title='bbox 644 4353 725 4411; x_wconf 87' lang='lat' dir='ltr'>hunc</span> <span class='ocrx_word' id='word_1_304' title='bbox 740 4351 905 4412; x_wconf 87' lang='lat' dir='ltr'>secundum</span> <span class='ocrx_word' id='word_1_305' title='bbox 920 4353 1081 4434; x_wconf 87' lang='lat' dir='ltr'>hominem,</span> <span class='ocrx_word' id='word_1_306' title='bbox 1096 4357 1187 4434; x_wconf 88' lang='lat' dir='ltr'>quiin</span> <span class='ocrx_word' id='word_1_307' title='bbox 1200 4361 1266 4416; x_wconf 87' lang='lat' dir='ltr'>ute-</span> 
     </span>
     <span class='ocr_line' id='line_1_39' title="bbox 185 4432 696 4494; baseline -0.002 -4"><span class='ocrx_word' id='word_1_308' title='bbox 185 4449 255 4492; x_wconf 92' lang='lat' dir='ltr'>rum</span> <span class='ocrx_word' id='word_1_309' title='bbox 270 4433 463 4494; x_wconf 85' lang='lat' dir='ltr'>matrissuae</span> <span class='ocrx_word' id='word_1_310' title='bbox 478 4449 539 4492; x_wconf 90' lang='lat' dir='ltr'>non</span> <span class='ocrx_word' id='word_1_311' title='bbox 552 4432 696 4492; x_wconf 82' lang='lat' dir='ltr'>redierat.</span> 
     </span>
    </p>
   </div>
   <div class='ocr_carea' id='block_1_4' title="bbox 0 0 1614 5026">
    <p class='ocr_par' dir='ltr' id='par_1_5' title="bbox 0 0 1614 5026">
     <span class='ocr_line' id='line_1_40' title="bbox 0 0 1614 5026; baseline 0 0"><span class='ocrx_word' id='word_1_312' title='bbox 0 0 1614 5026; x_wconf 95' lang='lat' dir='ltr'> </span> 
     </span>
    </p>
   </div>
  </div>
 </body>
</html>
