3260 5020
342 337 412 411 224

342 470 612 544 Sufficiunt
638 471 734 543 duo.
772 468 810 541 Si
840 468 933 542 enirn
964 467 1001 540 id
1032 465 1075 540 de
1107 491 1228 566 pugna
1260 469 1421 569 dixisset,

342 595 463 646 omnes
481 598 580 649 arma
596 597 723 672 capere
741 579 929 670 oporteret.
948 572 1050 660 Quod
1068 572 1170 666 dixit,
1189 571 1273 670 qnia
1294 579 1422 650 11111-

342 677 439 770 daeis
457 685 570 774 erant,
586 679 647 774 qui
662 677 819 775 gladium
838 683 874 748 et
890 675 1098 773 sanguinem
1117 676 1294 773 sitiebant,
1311 687 1352 752 11
1368 679 1424 756 illi

341 779 411 854 duo
429 782 555 856 exeis.
576 782 710 855 Videns
741 781 830 853 iram
848 786 990 877 patrum
1006 779 1043 852 in
1061 780 1113 853 eis
1129 781 1253 876 latere,
1270 785 1425 880 capessi·

341 884 395 956 vit
420 887 657 980 occasionem,
684 891 724 960 ut
750 884 990 957 absconditam
1015 885 1105 958 iram
1131 908 1253 959 eorum
1278 888 1424 962 manife-

342 993 433 1062 stam
451 997 487 1062 et
505 990 556 1063 eis
574 987 819 1066 detestabilem
837 988 969 1062 faceret
985 1011 1176 1086 eorumque
1195 1013 1242 1062 ex
1259 989 1424 1069 cordibus

341 1093 549 1190 expelleret.

402 1197 404 1204 ’
444 1197 561 1286 Quum
583 1197 659 1270 dies
681 1196 799 1296 operis
818 1195 874 1270 sui
895 1195 933 1268 in
954 1195 1093 1268 Judaea
1113 1198 1346 1270 consummati
1367 1223 1423 1274 es·

342 1307 431 1396 sent,
453 1301 561 1377 vertit
585 1301 711 1375 faciem
737 1325 848 1394 suam,
874 1307 915 1373 ut
938 1299 1033 1372 irent
1057 1297 1312 1394 lerosolymam
1329 1299 1361 1398 ¹,
1388 1310 1425 1378 et

342 1404 424 1478 illos
443 1405 530 1479 duos
549 1405 736 1479 iracundos
755 1429 777 1478 a
794 1427 833 1480 se
851 1402 985 1502 rejecit,
1001 1409 1043 1474 ut
1061 1403 1167 1478 etiarn
1188 1404 1304 1478 Judae
1330 1405 1425 1480 Isca-

341 1508 453 1582 riotae
470 1505 700 1606 praevertens
718 1508 828 1584 dixit:
850 1530 866 1566 a
883 1509 959 1581 Vae
977 1505 1112 1580 homini
1127 1507 1184 1580 illi
1200 1545 1216 1582 a
1232 1506 1259 1581 ².
1278 1509 1428 1597 Quodsi

341 1613 410 1686 iste
437 1613 689 1710 poenitentiam
716 1611 860 1710 egisset,
880 1619 921 1684 ut
946 1611 1068 1684 Simon
1095 1611 1235 1704 Petrus,
1254 1619 1290 1684 et
1314 1620 1355 1686 ut
1371 1613 1428 1687 illi

343 1717 413 1790 duo
430 1716 966 1814 admonitionem'snseeperunt,
983 1716 1027 1787 ab
1048 1715 1115 1788 hoe
1133 1713 1320 1788 maledicto
1338 1717 1426 1792 libe-

343 1827 442 1895 ratus
460 1821 575 1893 locum
595 1828 630 1893 et
646 1822 813 1896 thronum
832 1843 935 1893 suurn
959 1818 1225 1892 haereditasset.
1249 1819 1361 1894 Porro
1379 1845 1427 1895 ex

345 1947 399 2017 eo,
418 1924 512 2022 quod
529 1924 667 2020 gladios
685 1923 893 1998 memoravit
910 1921 1094 2016 Dominus,
1111 1923 1260 2016 discant,
1279 1923 1372 1998 diem
1391 1931 1427 2002 11

343 2027 478 2123 horam,
497 2053 567 2124 qua
583 2028 755 2123 tradetur,
773 2052 853 2100 eurn
879 2026 1032 2122 novisse,
1051 2031 1087 2098 et
1112 2027 1216 2100 amici
1236 2027 1428 2104 doceantur

343 2131 579 2206 humilitatem
605 2139 641 2205 et
667 2131 801 2206 inimici
817 2130 1022 2204 uiolentiam
1035 2128 1062 2202 ⁵.

448 2237 640 2332 Hocest
665 2240 968 2334 praeceptum
994 2229 1424 2336 111111(Ιο11.15,12).

343 2340 440 2413 Num
464 2365 574 2412 unum
602 2347 740 2414 tantum
766 2345 821 2412 est
844 2337 1104 2436 praeceptum?
1132 2337 1270 2410 Sufficit
1293 2339 1370 2433 hoc,
1389 2346 1427 2415 11

344 2467 454 2516 unum
482 2443 607 2538 solum,
625 2443 719 2540 quod
736 2443 826 2516 tanti
844 2449 899 2515 est
916 2441 1095 2515 momenti.
1118 2441 1288 2530 Quamvis
1313 2445 1426 2516 unum

346 2545 405 2632 sit,
425 2553 545 2620 tamen
562 2554 598 2620 et
615 2548 702 2620 dicit
716 2572 724 2619 :
746 2569 760 2604 α
777 2547 860 2620 Non
877 2545 1025 2641 occides,
1043 2547 1135 2643 quia,
1153 2545 1215 2643 qui
1232 2551 1339 2641 ornat,
1355 2569 1427 2620 non

344 2651 474 2724 oceidit
490 2675 531 2745 „3
558 2657 594 2723 11
619 2651 732 2724 dixit:
762 2649 877 2722 «Non
910 2649 1043 2722 furtum
1077 2650 1229 2741 111111»,
1257 2649 1340 2746 quia
1364 2649 1426 2746 qui

344 2761 450 2848 amat,
470 2753 575 2827 etiarn
593 2778 695 2827 suum
714 2753 792 2847 dat3
807 2759 843 2825 et
859 2751 966 2825 dixit:
988 2751 1426 2846 «Ν111111111111,1111-

346 2863 456 2932 tatem
474 2857 568 2932 enirn
585 2881 650 2954 pro
668 2856 850 2931 mendacio
866 2855 1022 2953 loquitur
1035 2855 1232 2954 diligensl:
1250 2855 1425 2932 “Manda-

344 2967 421 3034 tum
455 2961 609 3058 aliquod,
628 2963 688 3057 ait,
718 2985 850 3035 novum
879 2959 924 3033 do
954 2960 1055 3035 vobis
1072 3002 1087 3037 a
1103 2961 1129 3034 ⁵.
1161 2961 1209 3036 Et
1238 2959 1269 3033 si
1291 2962 1424 3034 verba:

348 3088 364 3122 s
381 3065 460 3138 Hoc
477 3073 532 3140 est
548 3067 752 3139 mandatum
782 3088 900 3138 meum
918 3105 947 3161 a,
963 3087 1035 3138 non
1052 3065 1236 3163 intelligis,
1261 3085 1350 3138 voca
1374 3066 1425 3138 A·

344 3170 533 3266 pontoium,
548 3171 609 3266 qui
624 3172 713 3245 haec
728 3169 794 3244 tibi
807 3168 1001 3264 explicabit
1013 3169 1134 3244 dicens
1150 3196 1158 3244 :
1180 3191 1195 3230 ν
1212 3167 1312 3242 Finis
1324 3191 1427 3266 prae·

345 3273 440 3370 cepti
458 3274 533 3370 ejus
548 3281 603 3348 est
615 3274 769 3346 charitas
786 3271 843 3348 21⁶.
861 3273 909 3346 nt
920 3274 1000 3370 quis
1014 3282 1069 3347 est
1084 3281 1186 3348 tenor
1198 3273 1306 3371 hujus
1323 3295 1426 3370 prae·

345 3376 469 3474 cepti?
488 3377 571 3450 Sine
590 3377 695 3452 dubio
722 3377 802 3450 hic:
821 3375 1061 3474 Quodcunque
1086 3378 1196 3453 vultis
1212 3401 1288 3471 vos,
1316 3383 1357 3448 ut
1373 3374 1426 3448 11-

345 3480 441 3552 ciant
465 3479 565 3556 vobis
591 3481 656 3556 filii
680 3481 873 3572 hominum,
891 3479 942 3552 ita
967 3488 1003 3554 et
1019 3488 1083 3556 vos
1108 3481 1244 3556 faciatis
1257 3479 1284 3554 ⁷.
1308 3478 1425 3553 Dili-

349 3583 462 3680 gite,
480 3585 542 3680 ait,
560 3585 687 3661 invio
698 3608 773 3680 em,
792 3589 827 3656 et
842 3582 934 3656 hanc
951 3609 1153 3660 mensuram
1169 3585 1290 3683 ponite
1305 3607 1314 3658 :
1331 3606 1346 3642 a
1364 3583 1430 3658 si·-

425 3809 452 3864 1.
474 3803 519 3864 Cf.
533 3805 606 3867 Luc.
619 3809 649 3880 9,
662 3806 711 3864 54.

423 3885 453 3942 2·
471 3883 570 3944 11111.
588 3887 634 3957 14,
649 3887 698 3942 21.

424 3965 453 4020 3.
474 3961 587 4022 Sensus
601 3961 741 4023 fortassis
752 3962 800 4023 1111
812 3966 879 4023 est:
893 3963 1043 4042 Exemplo
1057 3963 1171 4024 Christi
1181 3966 1289 4042 sponte
1301 3981 1335 4024 se
1345 3976 1424 4022 mor-

347 4038 372 4096 ti
386 4041 536 4100 tradentis
549 4042 639 4101 amici
653 4043 771 4101 discant
784 4041 896 4102 imitari
909 4045 976 4124 ejus
1000 4044 1202 4104 humilitatem
1215 4041 1247 4104 11
1259 4041 1371 4102 inimici
1384 4039 1424 4100 de

347 4134 403 4176 sua
417 4118 602 4180 erudelitate
616 4120 845 4180 convincantur.
913 4191 921 4201 ,

426 4200 455 4256 4.
476 4197 561 4258 Haec
575 4203 607 4258 et
620 4216 752 4276 sequens
766 4201 921 4261 sententia
936 4220 975 4262 ex
991 4201 1056 4264 eod.
1070 4204 1096 4262 B
1109 4199 1290 4264 emendatae
1306 4200 1388 4262 sunt.

424 4277 453 4336 5.
472 4276 576 4335 111111.
592 4279 638 4354 13,
653 4282 700 4338 34.
1007 4305 1013 4316 ·

426 4359 455 4414 6.
476 4355 601 4416 Turonis.
618 4359 687 4432 1,5.

428 4437 462 4518 1.Χ
476 4435 574 4496 Mirm
590 4439 618 4510 ’1,
635 4437 680 4496 12.
