3260 5020
1230 307 1301 380 253
1423 251 1427 260 ¹

210 437 441 528 morabantur,
459 437 694 532 apparuisset,
707 437 823 534 ipsum
841 419 1001 508 fecerunt
1017 434 1055 506 in
1073 434 1213 529 signum
1226 457 1305 507 om-

211 538 309 610 nium
340 539 623 654 opprobriorum,
640 547 681 612 ut
706 539 932 612 calcitrantes
963 544 1000 609 et
1030 537 1300 610 recalcitrantes

209 661 288 712 eum
322 642 551 736 repellerent.
581 636 698 730 Quum
728 637 855 732 lsrael,
881 639 942 735 qui
972 639 1226 712 blandimentis
1260 663 1299 711 a·

208 742 326 816 bunde
358 742 567 816 allicebatur
599 752 635 816 et
666 744 945 833 demulcebatur,
973 742 1078 838 plene
1112 741 1301 814 institutus

208 851 323 938 esset,
357 846 616 918 “incrassatus
653 854 689 919 et
733 845 903 918 dilatatus
931 852 999 936 est,
1035 851 1070 916 11
1096 844 1300 916 recalcitra·

207 945 287 1026 vit»¹
305 985 354 1022 1..»
372 949 410 1022 ‘h
439 948 594 1044 pueritia
623 972 687 1024 suo
716 948 932 1043 imaginibus
961 947 1076 1022 crucis
1114 945 1296 1020 laetificati

209 1055 314 1141 sunt,
351 1049 388 1122 in
423 1050 493 1128 fine
523 1057 642 1125 cutem
681 1053 719 1126 in
745 1050 918 1124 servitute
949 1048 1043 1122 inter
1074 1055 1202 1143 gentes
1236 1071 1301 1123 eos

207 1150 403 1234 inclusite
430 1153 500 1241 Qui
527 1153 702 1228 delicatus
726 1159 792 1246 est,
822 1153 885 1245 ait,
915 1151 953 1224 in
985 1152 1300 1230 servieramus

207 1251 389 1330 (191111Μῆ-
508 1300 511 1306 ·
925 1301 948 1347 ι
1102 1295 1105 1300 “
1294 1283 1296 1321 ἶ

299 1355 407 1428 -Vera
435 1355 550 1430 forma
577 1365 743 1455 typorum
761 1357 805 1430 ad
828 1379 892 1429 eos
915 1355 1086 1452 pervenit
1107 1361 1144 1427 et
1167 1359 1215 1442 ,ab
1242 1358 1294 1430 eis

204 1465 417 1538 commutata
433 1467 498 1552 est,
516 1459 678 1555 quamvis
695 1483 742 1534 ex
759 1460 866 1554 longo
884 1466 1045 1554 tempore
1072 1481 1138 1554 per
1164 1458 1300 1540 multas

205 1559 457 1638 similitudines
482 1562 558 1658 ejus
577 1562 764 1636 exercitati
791 1569 923 1656 essent,
941 1568 986 1636 ut
999 1581 1303 1654 eumoognosee¹

206 1669 296 1738 rent.
324 1663 408 1736 Non
424 1673 668 1759 cognoverunt
694 1665 783 1738 illud
801 1688 943 1759 corpus,
961 1664 1062 1758 cujus
1081 1665 1207 1736 umbra
1233 1687 1304 1738 eos
1356 1717 1359 1722 -

205 1765 346 1860 operuit
370 1766 416 1838 in·
434 1766 587 1840 deserto.
612 1765 692 1844 Per
702 1768 851 1862 lignum,
870 1767 1071 1859 imaginem
1086 1765 1179 1860 ejus,
1202 1789 1301 1861 aquo.

205 1889 328 1942 eorum
347 1863 460 1942 dulcis
479 1870 572 1942 faeta
589 1875 654 1961 est,
673 1875 709 1942 et
725 1893 791 1966 per
810 1877 1024 1965 serpentem,
1044 1867 1186 1961 signum
1204 1869 1294 1964 ejus,

196 1969 360 2064 -a'plegis
387 1979 594 2066 serpentum
620 1973 763 2046 liberati
789 1978 883 2064 sunt,
901 1972 1020 2067 ibique
1049 1973 1236 2045 sabbatum
1258 1978 1303 2044 et*

204 2071 424 2144 circumcisio
442 2075 686 2167 damnabatur,
705 2074 788 2170 quia
814 2079 980 2148 neutrum
998 2096 1060 2146 eos
1085 2072 1202 2167 potuit
1223 2073 1295 2148 sal-

202 2197 297 2250 vare.
325 2174 375 2246 Hi
403 2184 498 2270 sunt,
523 2177 585 2272 qui
613 2179 870 2252 aversabantur
900 2167 998 2250 illem
1029 2175 1167 2268 faciem,
1192 2175 1296 2270 cujus

113 2317 119 2326 ·
201 2275 315 2352 formo
332 2278 499 2351 continuo
516 2303 632 2352 coram
652 2281 703 2352 eis
722 2279 992 2375 depingebatur.
1019 2277 1173 2372 Propter
1196 2278 1292 2350 colo-

202 2401 384 2455 tesserae
402 2380 561 2476 picturae
581 2383 667 2478 ejus,
682 2382 809 2478 quibus
827 2390 996 2476 tanquam
1014 2380 1199 2453 indelebili
1212 2382 1299 2477 pul·-

202 2481 402 2554 ohritudine
433 2483 653 2578 splendebat,
681 2485 733 2560 eis
760 2484 899 2565 alienus
923 2485 1123 2557 videbatur.
1160 2484 1294 2558 Omnes

200 2583 396 2680 prophetae
424 2585 695 2660 similitudinem
727 2595 863 2660 tentum
892 2587 1051 2663 colorum
1078 2587 1156 2684 ejus
1172 2594 1302 2660 osten·-

201 2687 338 2780 derant,
350 2687 436 2782 quia
451 2688 567 2784 imago
585 2690 702 2764 baculi
721 2713 792 2762 non
811 2695 888 2762 erat
905 2690 1072 2786 perlecta,
1091 2695 1131 2761 ut
1149 2689 1293 2781 signum

201 2788 326 2882 crucis,
345 2797 381 2860 et
409 2791 635 2888 pulchritudo
666 2791 767 2887 ligni,
784 2790 879 2886 quod
905 2815 1015 2887 aquas
1042 2790 1165 2862 dulces
1196 2792 1292 2886 feeit,

201 2915 272 2966 non
291 2900 370 2966 erat
384 2895 552 2988 perfecta,
571 2902 611 2966 ut
629 2893 856 2990 pulchritudo
875 2892 969 2987 ligni
988 2892 1186 2986 illiusque
1205 2917 1294 2988 gen-

201 3000 255 3066 tes
274 2995 396 3068 dulces
414 3003 449 3068 et
466 3003 671 3072 mansuetae
689 2997 802 3070 factae
821 3001 914 3067 sunt.
930 2996 1152 3088 Quocunque
1168 2993 1293 3072 simili-

202 3097 288 3168 tudo
319 3098 502 3172 hominis5
521 3099 674 3193 transiit,
692 3123 757 3196 per
776 3121 853 3170 eam
881 3105 1018 3168 emotae
1043 3102 1081 3167 et
1107 3101 1320 3174 connita.

203 3205 361 3274 toesunt
378 3225 501 3275 omnes
518 3209 714 3295 creaturae,
732 3224 830 3274 mare
856 3223 921 3297 per
938 3199 1078 3295 virgam
1103 3201 1192 3296 ejus,
1215 3201 1294 3298 plo·

203 3311 270 3394 'gae
302 3312 509 3398 serpentum
537 3329 603 3402 per
632 3304 806 3378 vexillum
838 3304 926 3398 ejus,
953 3302 1154 3374 amaritudo
1180 3327 1295 3399 aquae

204 3426 270 3498 per
297 3412 420 3499 typum
437 3408 539 3502 ejus.
559 3408 770 3503 Ubicunque
801 3413 920 3478 autem
937 3404 1083 3479 Veritas
1115 3406 1294 3502 apparuit,

121 3577 125 3586 ,
205 3506 323 3578 subito
351 3511 559 3603 reprehensi
590 3516 692 3603 sunt,
724 3510 785 3605 qui
821 3508 984 3581 sordibus
1014 3508 1145 3581 obtecti
1179 3517 1293 3582 erant.
1333 3565 1336 3568 -

204 3607 275 3679 Hic
294 3615 348 3680 est
364 3609 453 3703 fons,
471 3613 532 3705 qui
549 3611 804 3686 beatitudinem
824 3610 901 3682 sine
927 3609 1063 3683 invidia
1087 3609 1222 3705 profert
1239 3611 1293 3682 bi-

203 3711 382 3805 bentibus,
396 3712 458 3807 qni
475 3714 627 3788 invicem
644 3737 716 3808 non
737 3713 971 3788 aemulantur.
993 3710 1185 3785 Emanavit
1201 3735 1295 3807 aqua

205 3812 295 3885 etin
313 3836 435 3887 omnes
453 3823 574 3912 partes
594 3818 730 3891 directa
747 3823 812 3910 est,
826 3838 872 3887 ne
888 3838 982 3887 unus
999 3814 1044 3887 ad
1063 3821 1185 3912 potum
1204 3813 1309 3892 alte--

92 3942 95 3946 ·
204 3911 280 3987 rius
301 3915 445 3991 invidus
464 3919 669 4016 respiceret.

285 4120 311 4175 1.
333 4119 426 4180 Deus.
441 4125 489 4194 32,
505 4123 553 4182 75.

283 4198 311 4252 2.
332 4199 425 4258 Pnor.
440 4202 488 4274 29,
501 4203 550 4259 21.

287 4275 314 4330 3.
335 4275 360 4334 Ι.
376 4295 403 4333 1.
419 4276 534 4338 Christi
547 4279 706 4356 incarnati,
722 4276 773 4357 qui
788 4274 868 4352 typis
882 4277 1184 4358 repraesentabatur.
