3280 5028
350 322 420 393 202
448 260 453 276 =

354 463 514 526 naturam
541 451 784 548 assumpsisse.
811 451 1006 550 Propterea
1032 454 1129 526 flevit
1147 459 1183 524 et
1199 451 1371 526 revelavit
1387 453 1426 524 1·
1458 447 1462 454 ’

354 556 435 627 dem
452 555 586 629 Mariae
606 563 642 628 61
658 557 832 650 Marthae,
850 580 940 654 quae
966 581 1046 629 eum
1072 555 1264 630 adorabant
1284 564 1320 629 et
1344 563 1427 628 con-

336 659 541 733 2fitebantur
559 677 675 734 coram
701 660 792 754 aliis,
810 662 871 756 qui
887 661 992 756 longe
1010 661 1078 733 alio
1095 660 1198 733 modo
1224 683 1303 732 erun
1321 659 1426 732 6611-

352 764 535 858 tabantur,
560 771 601 838 ut
626 764 712 837 dicit
738 765 942 860 Scriptura:
976 788 990 822 u
1016 763 1223 837 Mandatum
1255 764 1428 837 dederunt

352 871 455 938 extra
472 891 689 965 synagogam
708 890 788 940 eum
805 868 955 940 faciendi
972 909 987 943 η
1005 869 1029 940 ¹.

452 970 662 1064 Domine,
690 971 729 1043 si
755 972 831 1044 htc
857 971 1052 1065 fuisses3
1077 969 1355 1066 nimirum,quia
1381 970 1426 1042 ad

350 1095 431 1145 eum
451 1075 630 1171 miserant,
644 1082 680 1148 et
697 1075 758 1146 ille
773 1076 893 1149 venire
907 1076 1079 1168 noluerat,
1093 1080 1343 1170 cognoverunt,
1355 1073 1427 1146 Do·

353 1177 440 1250 mini
455 1179 674 1252 voluntatem
699 1179 819 1274 fuisse,
837 1187 877 1252 ut
901 1179 1059 1253 Lazarus
1085 1184 1293 1271 moreretur,
1317 1195 1425 1274 quum

351 1295 416 1352 n'ec
442 1281 518 1378 ipse
536 1284 684 1377 veniret,
702 1305 767 1355 nec
794 1307 1000 1380 responsum
1027 1283 1194 1373 mitteret,
1220 1289 1260 1356 ut
1286 1291 1427 1354 sanare

350 1391 419 1458 tur.
451 1385 649 1460 Dixeruut·:
671 1410 685 1444 α
704 1387 741 1459 Si
770 1387 898 1461 fuisses
928 1389 987 1461 hlc
1003 1427 1032 1482 a,
1050 1387 1151 1482 quasi
1181 1385 1361 1458 dicerent:
1388 1385 1427 1458 Si

351 1489 417 1582 vis,
436 1490 518 1561 audi
546 1514 636 1563 eum.
663 1490 775 1563 Porro
802 1493 883 1588 quia
908 1493 1091 1565 audierant
1117 1515 1138 1562 a
1164 1490 1359 1586 discipulis,
1386 1513 1428 1560 eo

352 1589 565 1688 dormiente,
601 1595 713 1666 undas
749 1597 938 1689 excitatas,
970 1603 1006 1668 61
1040 1596 1187 1684 iterum,
1214 1617 1293 1667 cum
1332 1593 1427 1690 apud

349 1715 411 1767 eos
438 1719 508 1770 161
527 1701 631 1791 esset,
653 1697 781 1770 fluctus
807 1699 914 1771 maris
933 1705 1122 1772 commotos
1140 1706 1175 1771 et
1202 1700 1428 1771 conturbatos

352 1820 441 1892 esse,
459 1799 537 1872 ideo
556 1825 651 1875 more
669 1802 849 1874 hominum
868 1802 1056 1876 dixerunt:
1075 1801 1259 1897 Magister,
1277 1802 1338 1875 ubi
1363 1801 1428 1872 lux

352 1908 418 1995 est,
432 1901 518 1975 illuc
535 1907 700 1979 tenebrae
714 1929 785 1978 non
802 1907 947 2001 intrant,
962 1914 997 1980 et
1010 1907 1071 1981 ubi
1085 1905 1157 1979 vita
1170 1913 1235 1999 est,
1248 1929 1343 1978 mors
1356 1927 1428 1976 non

351 2005 558 2082 dominatur.
587 2010 715 2099 Flevit,
734 2017 777 2082 ut
792 2017 1014 2104 monstraret,
1032 2011 1206 2083 Lazarum
1230 2031 1307 2082 esse
1334 2031 1428 2082 mor-

349 2115 460 2204 tuum,
478 2118 514 2184 et
531 2121 570 2184 ut
586 2113 800 2186 occasionem
819 2115 919 2187 daret
948 2114 1107 2186 dicendi:
1134 2135 1149 2172 u
1165 2114 1325 2186 Nonne
1351 2112 1426 2184 hic

247 2307 251 2319 ¹
351 2217 541 2310 aperuit
567 2217 728 2290 oculos
755 2218 949 2292 caecis?
986 2220 1044 2290 Ex
1074 2240 1144 2289 una
1172 2223 1273 2313 parte
1307 2215 1428 2289 volue-

349 2324 433 2390 runt
450 2342 528 2391 eum
560 2322 716 2417 rejicere,
736 2329 834 2394 etex
860 2313 972 2395 altera
1003 2331 1083 2394 eum
1114 2320 1245 2393 invitus
1277 2319 1428 2392 confessi

350 2427 442 2493 sunt.
462 2423 491 2496 Ο
508 2423 703 2497 1111166161
720 2425 857 2518 Lazari,
871 2425 1009 2498 vivifica
1025 2433 1061 2498 te
1079 2426 1194 2522 ipsum
1208 2423 1233 2496 ².
1252 2423 1323 2497 Per
1339 2423 1428 2496 haec
1463 2474 1467 2481 -

349 2547 488 2620 quoque
499 2530 607 2600 verba
616 2528 805 2600 Dominum
816 2530 965 2622 confessi
975 2536 1067 2623 sunt,
1077 2527 1137 2626 qui
1147 2551 1227 2600 eum
1241 2533 1427 2622 negarunt.

454 2628 478 2700 J
488 2654 553 2702 am
579 2631 738 2704 foetet.
775 2633 813 2704 Si
843 2641 882 2705 tu
913 2633 1074 2726 Martha,
1107 2631 1198 2706 sicut
1216 2630 1354 2724 Maria,
1381 2631 1427 2703 ad

351 2733 459 2828 pedes
477 2735 562 2830 ”ejus
589 2735 762 2830 sedisses,
796 2738 839 2810 ab
879 2760 952 2830 eo,
974 2742 1014 2808 ut
1042 2737 1125 2831 illa,
1152 2735 1323 2828 audisses,
1358 2733 1428 2829 ipsi

351 2837 469 2909 omnia
503 2861 580 2910 esse
616 2839 742 2912 1661116.
773 2840 1051 2936 Egoutique
1087 2863 1183 2913 sum
1218 2853 1428 2912 resurre-

351 2939 445 3011 6116
481 2948 525 3012 61
550 2943 672 3038 vita5
708 2945 874 3038 omnis,
901 2943 978 3040 qui
1014 2944 1169 3017 credit
1203 2942 1248 3014 in
1277 2964 1361 3033 me,
1394 2963 1430 3013 a·

352 3041 465 3116 tiam
505 3045 543 3117 si
586 3048 795 3121 mortuus
835 3047 1004 3140 fuerit,
1040 3048 1177 3122 vivus
1217 3051 1287 3118 est
1329 3043 1430 3118 ille.

351 3144 467 3242 Patet,
501 3150 604 3245 quod,
637 3152 715 3248 qui
740 3152 877 3225 vivus
905 3157 975 3224 est
1015 3158 1058 3223 61
1097 3148 1322 3224 creditin
1351 3159 1430 3242 m'e,

354 3273 442 3323 non
469 3253 697 3327 morietur
723 3256 768 3328 11
794 3262 1046 3349 aeternum,
1073 3255 1096 3328 i.
1128 3277 1158 3326 6.
1189 3277 1260 3326 161
1291 3275 1434 3349 semper

353 3356 507 3430 manebit
524 3356 562 3428 in
579 3364 703 3451 morta,
721 3359 804 3455 quia
820 3359 923 3431 vivus
942 3367 1006 3453 est,
1020 3366 1055 3432 et
1072 3382 1201 3432 manus
1219 3357 1341 3431 mortis
1358 3380 1430 3428 non

354 3479 495 3555 semper
512 3461 545 3532 ei
564 3461 810 3536 dominabitur.
828 3463 1001 3536 Nonnulli
1020 3469 1137 3534 autem
1153 3462 1196 3534 de
1214 3461 1285 3533 fine
1307 3457 1431 3534 mundi

352 3560 419 3634 boc
435 3563 650 3661 intelligunt,
670 3566 763 3662 quod
780 3565 845 3660 illi,
863 3567 924 3662 qui
948 3566 986 3639 in
1006 3567 1159 3640 adventu
1177 3566 1252 3663 ejus
1270 3566 1308 3638 in
1333 3571 1430 3638 terra

355 3673 448 3760 sunt,
466 3691 536 3741 non
561 3669 766 3763 morientur,
791 3677 831 3742 ut
857 3669 968 3742 illud:
998 3669 1099 3760 “Qui
1125 3669 1258 3744 residui
1284 3676 1366 3744 sunt
1391 3667 1430 3740 in

354 3769 543 3845 adventum
562 3773 649 3870 ejus,
667 3788 738 3846 161
754 3773 929 3848 dormient
946 3813 963 3849 „-
977 3771 1003 3846 ³.

435 4027 461 4080 1.
482 4023 582 4101 Hujus
596 4025 654 4084 loci
668 4025 764 4085 verba
787 4027 830 4085 sic
853 4025 1020 4084 habentur:
1038 4026 1102 4084 “Et
1116 4043 1183 4084 aum
1203 4021 1431 4084 confitebantur

356 4119 457 4160 coram
472 4103 537 4161 aliis
551 4103 620 4176 illie,
635 4105 767 4180 quicum
783 4105 975 4163 confitentur.
988 4104 1117 4164 Dicunt:
1138 4105 1312 4162 Mandatum
1337 4100 1427 4160 dede-

354 4181 474 4240 runtut
496 4181 578 4240 foras
601 4184 757 4241 mitterent
769 4201 838 4243 eum
851 4214 877 4244 a·
898 4184 1016 4242 Verba:
1034 4182 1168 4243 “Coram
1194 4182 1260 4241 aliis
1282 4181 1351 4257 illis,
1376 4179 1428 4256 qui

356 4278 425 4320 eum
439 4261 647 4324 confitentur„
663 4263 777 4322 ironice
792 4261 873 4322 dicta
885 4262 1037 4322 existimo.

433 4341 462 4397 2·
482 4338 580 4398 ΜΑΒΟ·
596 4341 642 4412 15,
656 4344 704 4399 30·

434 4422 462 4478 3.
482 4419 616 4479 ITnuss.
628 4421 656 4492 4,
672 4423 718 4480 14.
