3218 5026
310 274 353 344 10

403 405 528 494 Quum
546 405 733 480 Zacharias
751 408 795 479 ab
814 405 940 502 angelo
958 405 1090 478 laetum
1111 400 1278 476 nuncium
1297 427 1393 476 acoe-

307 509 429 607 pisset,
457 533 559 582 suum
586 516 673 602 crat,
708 509 831 605 egredi
857 515 892 580 et
918 507 1037 606 angeli
1071 529 1280 604 praeconem
1305 507 1392 581 fieri.

308 613 443 686 Verum
460 613 543 709 quia
561 637 607 686 ex
624 613 870 686 incredulitate
892 637 956 710 per
981 613 1090 686 verba
1117 634 1181 683 sua
1206 635 1333 708 praeco
1352 611 1394 685 il-

307 715 377 788 lius
395 715 471 789 fieri
487 717 640 812 nolebat,
667 739 781 813 poena
798 717 830 788 ei
848 717 981 788 inflicta
999 723 1063 809 est,
1090 721 1130 786 ut
1147 737 1296 810 eaquae
1314 737 1394 788 ver·

306 819 361 892 bis
387 819 591 914 praedicare
618 821 778 914 debebat,
806 821 945 894 silentio
972 820 1202 916 praedicaret.
1224 819 1278 892 Eo
1300 819 1395 913 quod

306 922 393 995 haec
410 923 499 996 visio
516 925 554 996 in
572 924 777 998 Sanetuario
792 925 825 996 ei
838 923 996 1020 contigit,
1009 923 1161 1020 populus
1179 922 1307 994 certior
1324 921 1394 993 fao-

306 1033 364 1098 tus
391 1033 455 1120 est,
484 1051 563 1100 curn
589 1029 790 1125 hujusmodi
814 1028 948 1101 visione
967 1028 1113 1122 dignum
1130 1025 1262 1119 fuisse,
1286 1049 1394 1122 quum

306 1137 425 1220 autem
444 1154 524 1203 eum
543 1130 683 1204 silentio
700 1133 850 1228 ligatum
866 1132 1039 1224 viderent,
1060 1129 1326 1222 intellexerunt,
1342 1129 1394 1200 la-

305 1233 374 1306 biis
392 1233 467 1330 ejus
486 1236 645 1307 custodia
656 1260 743 1333 opus
758 1230 876 1308 fuisse.
894 1235 1034 1330 Lingua
1048 1234 1168 1306 dolore
1186 1233 1317 1306 afflicta
1330 1241 1395 1326 est,

306 1343 347 1408 ut
359 1360 459 1410 mens
473 1339 659 1411 emendata
671 1340 833 1432 disceret,
846 1339 964 1412 frenos
977 1339 1077 1410 firme
1096 1337 1263 1410 adhibere
1281 1336 1395 1410 labiis.

308 1439 400 1528 ¹Quia
417 1443 470 1514 ori
489 1465 551 1514 suo
570 1443 763 1516 custodiam
779 1467 851 1514 non
872 1443 1001 1539 posuit,
1027 1447 1131 1538 porta
1157 1441 1228 1514 oris
1256 1439 1396 1512 silentio

223 1546 225 1552 ’
307 1546 487 1617 obstructa
499 1553 562 1618 cst.
574 1546 747 1635 Quoniam
761 1547 908 1642 angelus
922 1569 1032 1642 prope
1047 1545 1176 1618 Sancta
1189 1537 1402 1618 Sanctorum

309 1669 389 1722 ‚oum
408 1671 448 1719 eo
466 1649 686 1746 loquebatur,
704 1651 857 1748 populus
875 1651 1065 1743 intellexit,
1083 1649 1250 1721 nuncium
1277 1648 1320 1720 de
1341 1671 1402 1721 re-.

310 1753 378 1846 bus
397 1753 558 1826 secundis
576 1755 609 1825 ei
627 1755 748 1826 datum
767 1778 856 1849 esse,
883 1755 946 1828 sed
964 1777 1005 1825 eo
1024 1753 1117 1850 quod
1133 1753 1232 1848 loqui
1248 1775 1320 1823 non
1336 1775 1398 1848 po-

309 1861 402 1928 terat
416 1855 441 1950 l,
460 1866 710 1952 cognoverunt,
729 1882 809 1931 eum
827 1859 986 1956 ineptum
1011 1857 1145 1954 aliquid
1162 1855 1398 1952 respondisse.

311 1957 404 2046 Quia
427 1961 515 2033 hora
541 1962 720 2056 orationis,
737 1963 775 2034 in
797 1988 867 2059 qua
883 1985 1006 2060 preces
1024 1962 1166 2054 fiebant,
1179 1959 1268 2032 visio
1287 1959 1320 2031 ei
1337 1961 1397 2032 ob-

310 2061 405 2158 tigit,
424 2065 612 2160 sciverunt,
627 2065 758 2138 donum
775 2067 917 2163 aliquod
931 2067 964 2138 ei
976 2065 1124 2142 missum
1138 2088 1227 2158 esse,
1242 2063 1305 2136 sed
1317 2063 1402 2159 quia
1470 2153 1473 2156 Ι

310 2165 349 2242 in
368 2191 428 2240 ore
448 2169 523 2266 ejus
542 2171 737 2266 gratiarum
752 2173 925 2242 actionem
938 2193 1009 2242 non
1021 2169 1259 2261 inveniebant,
1273 2189 1401 2262 cogno-

310 2279 449 2365 verunt,
468 2297 549 2345 eum
567 2273 697 2346 donum
714 2298 786 2346 non
803 2275 989 2370 accepisse.
1007 2274 1108 2346 Licet
1119 2272 1306 2344 Zacharias
1323 2271 1400 2366 ipse

313 2374 356 2446 de
374 2377 492 2450 verbis
519 2377 637 2473 angeli
656 2378 862 2473 dubitasset,
890 2385 1022 2472 tamen,
1046 2377 1129 2474 quia
1144 2383 1263 2448 mutus
1288 2373 1402 2446 faetus

313 2485 400 2574 erat,
426 2504 529 2552 nemo
548 2481 699 2578 amplius
718 2483 761 2554 de
780 2483 831 2554 eis
850 2482 1034 2554 dubitavit.
1062 2481 1131 2569 Qui
1157 2479 1250 2551 lacto
1272 2478 1401 2550 nuncio

315 2606 380 2680 per
406 2584 574 2680 angelum
599 2585 706 2659 allato
732 2610 804 2658 non
830 2585 990 2679 credidit,
1017 2585 1092 2681 ejus
1118 2583 1258 2656 silentio
1280 2605 1402 2654 omnes

314 2687 474 2760 homines
492 2687 585 2760 laeto
603 2690 686 2762 huic
715 2689 843 2762 nuncio
874 2689 1108 2762 crediderunt.
1140 2687 1288 2760 Silentio
1306 2685 1400 2758 enim

313 2789 502 2864 Zacharias
519 2794 644 2866 ceteris
661 2787 774 2866 factus
788 2801 843 2866 est
856 2801 891 2866 et
904 2795 1078 2890 propheta
1096 2798 1131 2863 et
1143 2791 1267 2888 judex,
1279 2797 1320 2861 ut
1336 2812 1400 2884 per

313 2895 523 2991 prophetam
541 2905 746 2994 exoptatum
762 2898 930 2970 nuncium
947 2898 1188 2987 edocerentur,
1207 2901 1243 2964 et
1259 2917 1323 2990 per
1343 2893 1401 2990 ju-

315 2997 430 3070 dicem
447 2999 572 3073 timore
590 3010 868 3097 percuterentur,
885 3025 930 3073 ne
949 3001 1121 3099 ejusmodi
1136 2999 1304 3070 nuncium
1320 2997 1401 3070 vili-

314 3102 529 3198 penderent„
553 3106 629 3202 Ipsi
646 3129 783 3203 quoque
802 3105 991 3179 Zachariae
1009 3103 1157 3198 angelus
1176 3109 1211 3174 et
1228 3102 1403 3199 propheta

317 3205 430 3278 factus
449 3215 503 3279 est
521 3215 557 3280 et
568 3211 690 3306 judex.
708 3211 904 3306 Tamquam
921 3209 1095 3304 propheta
1115 3207 1147 3278 ei
1165 3205 1330 3302 exposuit
1347 3229 1402 3279 ar·

319 3331 408 3381 cana
426 3317 462 3380 et
479 3319 658 3408 tamquam
669 3313 780 3410 judex
800 3336 880 3384 eum
899 3311 1019 3383 dolore
1037 3311 1153 3382 affecit
1171 3317 1207 3382 et
1222 3333 1346 3406 poena.

421 3414 580 3488 Nuncius
598 3417 796 3489 futurorum
811 3419 983 3489 bonorum
1008 3414 1072 3486 illa
1096 3415 1184 3488 hora
1201 3415 1324 3510 generi
1340 3415 1405 3486 hu·
1464 3450 1466 3454 ·

318 3539 422 3588 mano
440 3517 569 3591 missus
588 3527 652 3614 est,
679 3542 855 3616 quumque
872 3518 1020 3615 primus,
1047 3519 1108 3614 qui
1130 3543 1211 3590 eum
1229 3519 1405 3611 audiebat,

320 3619 508 3716 dubitaret,
537 3624 637 3720 signo
657 3648 737 3696 eum
754 3621 900 3716 notavit,
926 3646 971 3694 nc
990 3621 1051 3694 alii
1069 3645 1150 3694 eum
1171 3617 1404 3695 imitarentur.

320 3724 452 3797 Laetus
470 3726 588 3823 itaque
606 3729 664 3801 hio
681 3727 841 3820 nuncius,
855 3727 916 3822 qui
933 3729 977 3801 ab
996 3725 1122 3822 angelo
1140 3727 1213 3798 alta
1228 3749 1313 3800 voce
1325 3749 1406 3822 pro-

320 3827 490 3902 clamatus
509 3833 687 3906 credibilis
704 3856 776 3904 non
792 3831 989 3924 videbatur,
1017 3829 1143 3924 effecit,
1161 3838 1200 3902 ut
1217 3829 1406 3902 Zachariae

319 3931 463 4006 nutibus
476 3935 650 4009 indicatus
664 3935 841 4010 credibilis
854 3935 966 4008 fieret.
980 3933 1166 4008 Zacharias
1178 3935 1314 4026 videns,
1332 3932 1406 4004 suis

321 4037 464 4109 nutibus
482 4062 603 4113 omnes
621 4041 776 4134 credere,
796 4038 986 4132 intellexit,
1009 4063 1046 4111 se
1063 4063 1249 4136 perperam
1266 4038 1309 4109 de
1326 4060 1406 4110 ver-

318 4243 395 4297 nam
409 4223 439 4283 in
454 4245 521 4286 eum
543 4229 741 4302 adducerent,
761 4246 800 4288 ne
821 4229 898 4288 alius
918 4229 1017 4300 fieret,
1039 4227 1191 4302 sieutille,
1208 4226 1280 4304 quia
1292 4226 1406 4284 Zacha-

322 4305 396 4362 riam
404 4308 524 4382 nuncio,
533 4313 803 4386 quamacceperat‚
813 4309 939 4368 credere
948 4307 1232 4386 etpraeooneufieri
1240 4306 1404 4384 oportuit».

320 4451 323 4456 ,
402 4387 428 4442 1.
449 4385 486 4445 In
502 4388 568 4448 eod.
584 4389 625 4446 B:
640 4389 682 4445 At
695 4388 766 4465 quia
780 4387 931 4465 uiderunt,
945 4407 1014 4451 aum
1028 4387 1110 4464 loqui
1123 4405 1184 4446 nou
1196 4401 1299 4467 posca.
