3218 5024
1229 300 1275 369 55

193 426 336 501 stabant
353 432 390 498 ct
409 423 665 522 significabant,
684 427 719 494 et
740 422 776 494 in
804 421 869 494 hos
887 421 1060 498 Dominus
1081 425 1276 502 doctrinam

195 529 393 627 magisterii
410 530 465 604 sui
482 528 638 622 immisit,
656 533 696 600 ut
713 526 926 621 ostenderet,
946 551 983 601 se
1002 528 1040 602 in
1054 529 1113 602 via
1125 530 1217 628 legis
1240 541 1276 606 et

194 635 448 731 prophetarum
473 633 615 731 quidam
641 630 794 725 venisse,
825 632 888 704 scd
914 631 952 704 in
977 632 1069 705 hanc
1095 634 1211 731 finem,
1237 644 1278 710 ut

191 738 310 810 omnia
326 761 391 835 per
409 763 511 811 suum
527 735 770 834 magisterium
787 741 951 830 mutaret,
964 735 1067 810 sicuti
1084 735 1133 812 ibi
1147 763 1275 836 aquam

192 841 230 913 in
247 841 370 914 vinum
387 842 546 914 mutavit

295 945 343 1018 Et
360 945 454 1040 quod
471 945 574 1018 dicit:
597 942 755 1018 Omnis
779 941 910 1016 homo
931 945 1097 1018 bonum
1119 944 1276 1021 vinum

193 1048 327 1145 prius
353 1049 562 1146 apponit,
589 1046 758 1121 deinde
784 1045 902 1142 leve,
932 1053 972 1119 ut
988 1047 1214 1146 patefaceret,
1233 1075 1276 1126 ca

191 1176 282 1248 quac
308 1159 587 1250 praecesserant,
622 1149 724 1249 quasi
758 1151 1000 1248 promptuaria
1035 1151 1156 1248 fuisse,
1191 1156 1276 1251 quia

194 1257 288 1329 ulex
314 1279 390 1353 per·
406 1257 556 1354 Moysen
581 1256 665 1330 data
690 1259 755 1348 est,
782 1255 898 1350 gratia
915 1262 951 1328 et
966 1255 1099 1330 veritas
1125 1281 1190 1354 per
1215 1259 1272 1332 Ie-

191 1384 271 1432 sum
287 1359 379 1432 facta
397 1367 451 1432 est
468 1399 496 1436 a.
525 1360 683 1459 Sponsus
708 1357 889 1432 terrestris
916 1358 1081 1433 inritavit
1107 1384 1275 1458 sponsum

191 1462 392 1558 coelestem,
421 1469 457 1535 et
482 1463 656 1537 Dominus
682 1461 728 1535 ad
754 1461 897 1559 nuptias
932 1471 1077 1562 paratus
1104 1465 1203 1538 venit
1228 1465 1274 1539 ad

190 1567 342 1664 nuptias.
366 1567 542 1642 Inritatus
568 1574 623 1641 est
640 1589 662 1639 a
678 1567 974 1661 recumbentibus,
1001 1568 1061 1664 qui
1087 1567 1275 1644 universae

190 1676 308 1746 terrae
327 1670 365 1743 in
382 1693 492 1768 regno
512 1695 574 1744 suo
588 1693 747 1744 mensam
765 1675 954 1766 paraturus
968 1679 1056 1768 erat,
1074 1672 1195 1768 eisque
1213 1673 1273 1746 do-

189 1795 275 1847 num
290 1774 388 1848 dedit
400 1775 571 1872 nuptiale,
585 1797 654 1872 quo
667 1773 938 1848 delectarentur.
952 1775 1035 1848 Non
1049 1775 1184 1873 sprevit
1198 1779 1274 1875 ejus

188 1878 372 1974 opulentia
380 1886 626 1976 paupertatem
639 1901 760 1951 eorum
774 1878 835 1973 qui
846 1902 891 1952 ne
904 1877 984 1952 leve
995 1879 1136 1976 quidem
1150 1879 1274 1956 vinum

184 1981 293 2079 juxta
318 1982 549 2056 invitatorum
581 2005 768 2055 numerum
803 2005 980 2080 apponere
1009 1989 1212 2080 potuerunt,
1239 1993 1276 2058 et

189 2085 261 2159 nisi
275 2085 326 2159 eis
340 2085 522 2184 paululum
542 2109 588 2159 ex
605 2084 822 2160 abundantia
834 2086 909 2183 ejus
924 2085 1133 2182 effluxisset,
1152 2088 1274 2162 sitien-

188 2195 244 2262 tes
265 2197 300 2262 et
317 2190 442 2264 tristes
458 2213 479 2262 a
496 2211 605 2263 coena
623 2188 875 2264 surrexissent.

296 2294 367 2368 Sed
385 2301 421 2368 et
437 2293 610 2367 Dominus
627 2292 785 2367 vicissim
803 2315 863 2365 eos
880 2292 1045 2369 invitavit
1059 2294 1104 2368 ad
1121 2292 1275 2393 nuptias,

190 2396 379 2494 sicutipse
398 2421 477 2470 cum
496 2397 680 2496 discipulis
701 2395 872 2471 invitatus
890 2405 975 2472 erat.
1002 2400 1173 2474 Attamen
1190 2399 1274 2474 licet

186 2500 368 2597 frequeter
385 2525 528 2575 mensae
543 2526 665 2576 eorum
682 2503 914 2596 accumberet,
928 2502 1066 2576 animae
1084 2511 1202 2577 tamen
1216 2527 1273 2578 eo·

187 2629 270 2678 rum
287 2629 445 2678 mensam
463 2605 538 2703 ejus
559 2611 782 2702 spreverunt,
808 2603 899 2678 sicut
916 2612 952 2678 et
972 2603 1133 2704 patribus
1151 2631 1274 2682 eorum

188 2709 375 2782 mannaim
395 2709 534 2784 deserto
552 2705 667 2783 taedio
686 2714 772 2784 crat.
798 2709 932 2805 Angeli
950 2709 1135 2784 demensa
1158 2713 1274 2786 Abra·

185 2812 286 2885 hami
303 2819 340 2886 et
355 2809 449 2886 Loth
466 2813 786 2906 manducaverunt;
800 2811 851 2884 ita
867 2819 903 2885 et
915 2813 1089 2888 Dominus
1102 2838 1181 2890 cum
1200 2815 1273 2890 illis

186 2917 402 2990 manducare
420 2922 456 2989 et
471 2918 593 2993 bibere
619 2940 690 2989 non
708 2915 976 3010 dedignabatur.
994 2918 1055 2992 Illi
1073 2942 1154 2990 eum
1183 2918 1273 2994 invi·

188 3025 312 3094 terunt
329 3026 365 3093 et
381 3019 480 3096 venit
497 3021 542 3095 ad
561 3043 641 3117 eos;
658 3027 694 3094 et
711 3019 788 3117 ipse
806 3041 866 3092 eos
884 3019 1050 3098 inritavit
1067 3028 1103 3094 et
1120 3018 1164 3094 ad
1182 3045 1272 3120 nup·

187 3123 259 3196 tias
277 3123 353 3221 ejus
371 3124 494 3198 venire
520 3122 720 3199 noluerunt.
746 3121 808 3196 Illi
825 3131 996 3198 vocarunt
1013 3147 1105 3218 cum,
1125 3147 1190 3197 nec
1211 3127 1271 3201 ab·

187 3229 279 3324 nuit,
301 3228 378 3324 ipse
399 3229 539 3303 vocavit
556 3249 628 3324 eos,
646 3234 682 3300 ct
699 3227 843 3300 coenam
860 3228 936 3325 ejus
953 3231 1162 3302 abnuerunt.
1189 3229 1273 3327 Ipse
1328 3223 1329 3226 '

185 3329 376 3405 honoravit
389 3331 609 3426 invitatores,
636 3329 690 3407 illi
706 3337 825 3403 autem
842 3329 1083 3429 despexerunt
1104 3331 1270 3406 inritato-

188 3457 258 3508 res.
276 3435 361 3533 Ipse
378 3436 547 3532 gaudium
563 3435 704 3535 paravit
723 3434 894 3529 invitatis,
922 3442 958 3509 et
984 3435 1040 3509 illi
1066 3435 1271 3511 occiderunt

189 3561 313 3613 servos
331 3540 417 3636 ejus.
443 3540 526 3638 Ipse
551 3538 713 3640 implevit
739 3537 912 3636 defectum
929 3538 968 3612 in
983 3539 1130 3637 nuptiis,
1156 3548 1192 3614 et
1217 3541 1272 3614 illi

189 3652 403 3740 respuerunt
420 3668 542 3718 omnes
559 3644 655 3718 cibos
673 3643 759 3742 ejus.
778 3642 861 3738 Ipse
883 3643 967 3716 vino
985 3645 1076 3717 bono
1094 3667 1153 3718 eos
1170 3644 1272 3718 laeti-

190 3744 319 3842 ficavit,
336 3747 392 3820 illi
410 3755 528 3821 autem
554 3771 635 3821 eum
661 3747 919 3821 exacerbarunt
936 3747 1029 3820 etad
1048 3747 1137 3820 iram
1158 3748 1272 3821 conci-

190 3855 330 3945 tamne
348 3875 413 3949 pro
430 3851 514 3926 rino
532 3847 741 3927 suavissimo
760 3849 793 3922 ei
812 3847 985 3924 dederunt
1003 3850 1052 3924 fel
1070 3857 1105 3922 et
1122 3859 1270 3926 acetum.

294 3955 471 4029 Invitatus
489 3955 662 4029 Dominus
679 3977 751 4028 non
766 3954 866 4028 veuit
883 3976 963 4027 cum
980 3953 1128 4050 reliquis
1146 3954 1273 4029 invita·

191 4057 252 4151 tis,
271 4058 332 4157 qui
359 4083 440 4133 eum
466 4065 738 4158 praevenerunt,
764 4065 804 4130 ut
828 4053 949 4131 vinum
963 4054 1115 4156 primum
1137 4064 1173 4132 et
1193 4058 1273 4132 leve

190 4169 456 4260 consumerent,
474 4163 557 4236 dein
569 4163 646 4261 ipse
658 4161 767 4256 venit,
785 4169 825 4234 ut
841 4160 963 4235 vinum
981 4161 1273 4255 afferretsunvis·

191 4267 332 4341 simum.
363 4268 454 4342 Oum
472 4266 553 4340 aliis
568 4264 738 4342 inritatus
757 4271 812 4338 cst
828 4264 1013 4362 Dominus,
1038 4265 1125 4364 quin
1149 4267 1273 4340 habitu

191 4394 255 4446 suo
274 4373 317 4448 ab
336 4373 387 4448 eis
406 4369 577 4469 differret,
594 4370 745 4469 fecitque
762 4368 923 4446 mirabile
943 4369 1094 4467 signum,
1121 4393 1189 4467 quo
1215 4393 1272 4443 co-
