3260 5020
207 477 293 542 ont
319 467 475 541 dilexi
501 491 581 542 vos
600 507 626 542 n.
647 469 697 541 At
724 465 791 538 hoo
818 461 1038 562 impossibile
1061 473 1126 559 est,
1153 467 1238 562 quia
1264 476 1305 542 tu
1341 470 1343 474 ’

217 572 392 646 Dominus
410 593 449 644 es
467 579 617 644 stamas
637 591 760 644 seruos
778 579 876 662 tuos3
902 592 968 642 nos
986 575 1117 662 autem,
1135 572 1196 665 qui
1218 573 1305 646 socii

215 694 341 747 sumus
366 674 530 768 invicem,
552 673 727 770 quomodo
753 695 818 746 nos
853 677 975 744 mutuo
1001 672 1152 767 diligere
1179 697 1304 771 possu-

217 797 307 873 mus,
334 779 428 852 sicut
453 787 493 850 tu
526 799 591 850 nos
617 774 747 849 amas?
775 774 869 862 Quia
894 780 1014 846 tamon
1048 775 1223 849 Dominus
1254 777 1305 850 ita

207 879 319 975 dixit,
336 881 533 972 videamus,
559 877 734 977 quomodo
762 878 828 948 hoo
854 877 926 948 fiat.
958 877 1180 972 Majorem
1208 880 1303 974 hac,

214 982 277 1077 oit,
296 983 580 1058 charitatem
606 1003 735 1056 nemo
761 980 939 1054 habero
966 985 1142 1076 potest,
1169 1005 1304 1079 quam

210 1086 256 1157 ‘si
295 1087 401 1182 quis
441 1086 577 1182 ponit
603 1084 799 1158 animam
840 1105 966 1154 suam
1004 1106 1087 1180 pro
1135 1084 1304 1158 amicis

214 1189 325 1261 suis.
354 1190 466 1262 Amor
484 1189 560 1285 ejus
580 1211 627 1260 ex
645 1210 687 1259 eo
706 1183 876 1275 cernitur,
895 1185 989 1280 quod
1006 1185 1136 1260 amicos
1156 1210 1220 1260 uos
1243 1213 1304 1262 vo·

191 1291 319 1364 cauit.
338 1287 386 1364 Et
404 1292 435 1364 si
461 1313 526 1363 nos
552 1289 717 1387 ponimus
743 1287 878 1360 animas
904 1293 1047 1376 nostras
1065 1311 1130 1383 pro
1151 1296 1199 1383 te,
1217 1299 1304 1364 num

207 1393 373 1489 aequalis
390 1393 430 1466 lit
448 1393 590 1466 dileetio
607 1398 731 1464 nostra
747 1389 929 1474 dilectioni
955 1389 1068 1462 tuae?
1087 1393 1163 1465 Nos
1181 1393 1212 1465 si
1237 1416 1303 1490 pro

207 1502 248 1567 te
274 1497 457 1589 morimur,
482 1495 651 1569 mortales
678 1515 811 1583 sumus,
830 1498 870 1564 tu
894 1499 1025 1585 autom,
1044 1493 1226 1590 quirinus
1252 1517 1304 1589 es,

210 1599 415 1694 passionom
441 1597 567 1671 mortis
593 1603 736 1672 noemae
764 1593 976 1668 sustinuisti.
1004 1594 1187 1684 Quomodo
1217 1623 1304 1694 ergo

207 1701 414 1797 explicatur
449 1701 560 1774 illud:
592 1700 726 1774 Siout
760 1697 917 1770 dilexi
953 1698 1059 1770 vos?
1095 1700 1305 1795 moriamur,

210 1804 278 1898 ait,
292 1826 384 1878 unus
402 1825 468 1902 pro
495 1804 619 1876 altero.
639 1804 710 1878 Sed
737 1823 803 1873 nos
829 1824 874 1874 ne
893 1801 1014 1874 vivere
1041 1803 1184 1898 quidem
1211 1828 1305 1878 unus

213 1925 279 2003 pro
297 1909 411 1981 altero
429 1907 605 1981 volumus.
624 1906 664 1980 si
681 1927 760 2002 ego,
784 1905 844 1996 ait,
863 1903 925 1999 qui
950 1901 1125 1979 Dominus
1144 1913 1179 1980 et
1204 1905 1306 1979 Deus

213 2028 292 2082 sum
317 2005 452 2104 ‘vestan
470 2033 536 2108 pro
553 2008 656 2084 uobis
682 2007 834 2100 morior,
861 2011 993 2102 quanto
1021 2009 1136 2104 magis
1163 2016 1306 2106 oportet

214 2116 278 2185 vos
296 2133 404 2187 unum
422 2135 488 2211 pro
506 2112 619 2186 altero
640 2111 741 2185 mori.

320 2217 440 2290 Ecce
480 2215 616 2290 mitto
657 2235 740 2309 ego
784 2214 839 2286 ad
876 2236 957 2286 vos
1002 2213 1304 2311 perdolitum,

214 2317 300 2413 quia
328 2315 436 2393 dicit:
468 2315 628 2394 Alium
653 2315 942 2414 paraclitum
969 2318 1105 2390 mitto
1129 2317 1185 2390 ad
1212 2340 1306 2413 vos,

214 2419 238 2492 i.
257 2445 286 2494 a.
306 2423 574 2498 consolatorem.
594 2417 646 2496 Ut
664 2419 741 2517 ipse
761 2425 816 2492 est
832 2418 943 2512 Deus,
961 2419 1012 2493 ita
1029 2427 1065 2493 et
1082 2420 1113 2494 is
1131 2420 1193 2518 qui
1223 2419 1306 2494 mit·
1329 2475 1331 2480 .

212 2523 314 2621 titur,
332 2527 432 2600 Deus
449 2531 514 2598 est.
534 2523 573 2597 Si
591 2523 683 2616 ideo,
693 2521 777 2619 quia
794 2522 968 2619 Spiritum
987 2523 1109 2616 mittit,
1124 2523 1236 2620 major
1251 2547 1307 2597 es-

212 2635 270 2700 set
288 2649 341 2724 eo,
360 2630 466 2702 etiam
485 2624 653 2724 Spiritus,
671 2625 758 2722 quia
772 2625 876 2698 duxit
894 2649 974 2698 aum
992 2626 1031 2700 in
1055 2626 1248 2718 desertum,
1267 2633 1307 2698 ut

210 2737 415 2808 'tentaretur
430 2729 457 2826 ⁴,
474 2729 552 2828 ipso
571 2735 667 2802 esset
682 2728 806 2823 major.
824 2728 873 2800 Et
889 2729 1065 2823 quomodo
1083 2728 1199 2802 dixit:
1227 2727 1306 2800 Bo·
1361 2780 1363 2784 -

138 2885 143 2900 .
209 2853 315 2910 num
356 2832 678 2925 cervatiaco
718 2830 970 2925 discedam,
997 2831 1184 2905 sienim
1219 2853 1306 2924 ego

212 2958 303 3012 non
328 2939 502 3030 abiero,
528 2933 800 3032 paraclitus
827 2933 881 3006 ad
907 2957 988 3005 vos
1015 2957 1104 3006 non
1139 2932 1308 3005 veniet

213 3047 260 3113 et
285 3042 434 3116 omnis
473 3037 656 3114 veritas
683 3035 819 3110 vobis
845 3058 933 3108 non
970 3034 1307 3109 innotescet²i

213 3141 399 3232 Quomodo
416 3146 549 3218 bonum
575 3147 664 3235 erat,
683 3137 874 3212 Dominum
899 3138 1011 3232 abira,
1029 3146 1077 3234 et,
1102 3161 1211 3236 quum
1228 3137 1309 3236 ipse

212 3269 286 3322 uon
302 3248 460 3346 potuerit
477 3252 678 3318 monstrare
704 3264 844 3314 omnem
862 3240 1063 3336 veritatem,
1081 3240 1205 3316 venire
1233 3264 1308 3316 ser-

213 3367 297 3424 vum
313 3351 340 3446 ⁵,
357 3359 398 3426 ut
423 3351 526 3423 daret
552 3368 708 3442 eaquae
733 3343 909 3416 Dominus
934 3367 1005 3418 non
1022 3344 1152 3417 dedit?
1169 3344 1218 3416 nt
1244 3367 1309 3417 our

209 3455 409 3547 *paraclitus
434 3449 560 3552 priori
579 3471 654 3522 non
680 3445 874 3544 explicavit
899 3469 1040 3547 omnem
1058 3447 1246 3522 veritatem
1272 3454 1310 3520 ot

211 3555 422 3633 seeundusi’
447 3579 525 3629 eam
553 3553 656 3628 nobis
683 3549 879 3648 explicavit
899 3551 1007 3648 juxta
1028 3552 1139 3624 verba
1165 3549 1309 3647 prioris,

211 3653 325 3754 quum
337 3663 396 3735 nio
414 3660 461 3734 sit
473 3656 588 3731 omnis
602 3653 763 3728 veritas?
777 3652 881 3741 Quod
899 3659 1018 3725 autem
1037 3653 1191 3750 Spiritus
1204 3674 1309 3725 voca-

212 3763 337 3837 tussit
354 3763 541 3860 Dominus,
559 3766 712 3838 testatur
730 3755 916 3852 Scriptura
936 3757 993 3830 his
1011 3757 1178 3840 verbiszo
1195 3755 1310 3829 Acoe-

297 4013 324 4070 1.
345 4011 478 4070 Maras
505 4011 532 4067 1.
1054 4055 1059 4059 .

295 4091 325 4147 2.
347 4090 395 4150 Sic
411 4089 443 4146 in
458 4053 524 4148 odd.
540 4087 575 4145 Β.
591 4085 725 4144 Textum
740 4084 806 4146 cod.
821 4086 849 4143 A
863 4084 988 4146 Auoher
1003 4084 1046 4144 sia
1061 4083 1175 4146 vertit:
1189 4081 1229 4142 nt
1242 4081 1310 4142 tota

219 4165 334 4226 veritas
349 4186 405 4227 uos
418 4184 480 4226 non
494 4163 645 4241 agnoseit.

297 4248 325 4303 3.
347 4247 374 4304 Ι.
389 4262 416 4302 e.
431 4243 575 4322 Spiritum
589 4241 738 4317 sanatum,
757 4259 846 4318 quem
860 4241 1009 4301 haeretici
1024 4244 1161 4302 creatum
1177 4238 1291 4300 dicunt

300 4326 329 4381 4.
349 4325 375 4382 Ι.
389 4341 416 4382 o.
431 4322 583 4381 Christus.

300 4403 327 4460 5.
347 4402 373 4460 1.
389 4420 416 4460 e.
431 4399 560 4478 Spiritus
574 4397 710 4457 sauctus.
803 4395 808 4403 '

1114 4480 1158 4546 15
