3260 5020
346 344 416 418 25¹8

345 474 451 547 scidit
469 475 589 548 velum
610 473 743 571 templi.
762 473 810 545 ut
828 480 868 545 ut
885 473 1061 545 Dominus
1079 480 1305 569 monstraret,
1333 499 1370 548 se
1390 500 1438 553 ex

346 578 509 673 sepulcro
537 577 682 671 exiisse,
700 583 811 648 testes
838 577 957 650 exibis
985 577 1040 648 sui
1058 577 1199 649 vocavit
1218 577 1347 673 justos,
1375 581 1438 676 qui

347 702 393 752 ex
412 679 586 774 sepulcris
607 681 680 752 suis
700 679 873 752 exierant.
900 679 1062 774 Uterque
1081 679 1193 775 igitur
1216 681 1347 753 exitus·
1361 707 1438 754 mu-

344 787 406 867 tuo
426 806 464 854 se
483 783 712 878 praedicavit.
739 781 787 855 Et
804 783 887 878 quia
914 782 1038 854 eodem
1065 783 1203 878 Spiritu
1233 806 1384 878 regnum
1402 793 1438 856 et

344 885 581 958 sacerdotium
598 893 744 957 unctum
763 892 799 955 et
826 885 1081 957 sanctificatum
1101 893 1188 977 erat,
1211 885 1300 957 exiit
1325 887 1438 982 Spiri-

341 994 400 1059 tus
420 995 455 1059 et
472 989 518 1060 ad
536 988 722 1084 utriusque
739 987 872 1060 fontem
891 988 1008 1080 rediit,
1026 995 1067 1059 ut
1083 989 1280 1084 patefieret,
1300 996 1437 1062 utrum·

341 1103 410 1186 que
436 1091 637 1164 ,exiccatum
664 1113 748 1162 esse
770 1113 835 1185 per
862 1114 943 1162 eum
971 1091 1032 1185 qui
1057 1097 1248 1188 utrumque
1279 1092 1436 1166 abstulit.

341 1193 430 1286 Nos,
450 1194 519 1266 etsi
539 1195 703 1286 sciamus,
722 1200 846 1266 nostro
863 1193 976 1288 digito
1003 1193 1149 1265 minimo
1176 1193 1334 1268 abscisso
1360 1219 1436 1270 eor·

340 1319 410 1391 pus
430 1296 559 1391 sanari,
578 1319 680 1370 secus
699 1319 785 1368 vero
803 1302 919 1368 totum
946 1297 1076 1392 perire,
1095 1303 1215 1370 tamen
1242 1298 1309 1369 hoo
1332 1298 1437 1370 nolu·

341 1420 421 1474 mus
448 1401 575 1494 facere,
602 1399 696 1495 quod
722 1399 824 1472 nobis
860 1397 1085 1495 profuturum
1121 1422 1193 1470 non
1219 1399 1435 1495 ignoramus.

342 1501 442 1575 Deus
463 1510 594 1596 autem,
613 1503 729 1574 sciens
757 1508 870 1574 morte
890 1501 975 1573 Filii
1001 1501 1057 1573 sui
1074 1501 1235 1574 homines
1264 1527 1344 1576 esse
1362 1505 1435 1576 vic·

342 1611 454 1699 turos,
480 1629 552 1679 uon
577 1625 725 1679 aversus
748 1611 814 1697 est,
841 1611 882 1675 ut
908 1605 975 1676 hoc
999 1604 1142 1676 faceret.
1162 1603 1238 1678 Gur
1259 1605 1359 1680 Deus
1384 1611 1435 1681 A·

341 1709 474 1780 brahae
495 1707 625 1781 multos
653 1730 775 1780 servos
793 1707 939 1780 habenti
965 1729 1037 1780 non
1053 1708 1248 1804 praecepit,
1266 1716 1308 1780 ut
1324 1733 1434 1782 unum

335 1815 387 1882 'ex
405 1813 461 1884 his
476 1810 647 1884 offerret?
665 1810 758 1898 Quia
775 1833 874 1882 amor
892 1809 1060 1899 Abrahae
1079 1833 1144 1905 per
1169 1835 1314 1885 servum
1333 1836 1436 1885 suum

340 1937 413 1986 non
438 1914 674 2011 apparuisset,
694 1911 766 1984 filio
785 1913 861 2008 ejus
891 1935 981 2007 opus
1008 1914 1096 2005 erat,
1115 1913 1153 1986 in
1171 1937 1242 2009 quo
1267 1938 1366 1989 amor
1393 1915 1436 1987 il-

339 2015 410 2088 lius
432 2019 551 2114 palam
568 2017 679 2088 tieret.
706 2016 765 2088 Ita
782 2023 818 2086 et
836 2015 935 2086 Deus
962 2015 1094 2088 multos
1120 2016 1273 2090 habebat
1301 2041 1435 2114 servos,

340 2125 377 2190 et
394 2143 459 2216 per
476 2120 615 2193 nullum
636 2142 682 2191 ex
700 2119 753 2191 eis
770 2117 978 2190 charitatem
996 2118 1034 2189 in
1060 2127 1243 2192 creaturas
1267 2121 1433 2216 ostendit,

339 2223 404 2294 sed
421 2247 486 2320 per
507 2224 639 2296 Filium
659 2245 761 2293 suum
781 2243 879 2293 suam
900 2243 987 2314 erga
1004 2233 1069 2293 nbs
1091 2221 1300 2296 charitatem
1318 2225 1432 2296 voluit

336 2327 555 2420 praedicare.
577 2348 592 2382 α
609 2326 676 2416 Ita,
705 2323 765 2416 ait,
784 2321 913 2422 dilexit
929 2321 1028 2395 Deus
1057 2325 1238 2416 mundum,
1256 2332 1351 2398 utet
1370 2326 1430 2399 Fi-

337 2427 425 2498 lium
446 2453 547 2502 suum
567 2426 792 2521 unigenitum
806 2465 835 2517 a,
850 2425 948 2497 etc.¹.
970 2425 1045 2500 Cur
1064 2427 1158 2498 enim
1176 2427 1312 2500 creavit
1330 2429 1430 2502 Deus

277 2575 280 2578 -
337 2531 521 2625 mundum,
536 2530 607 2602 nisi
625 2553 671 2601 ex
689 2527 889 2601 charitate?
908 2529 956 2600 Et
973 2531 1107 2625 pariter
1126 2530 1163 2601 in
1181 2530 1353 2604 charitate
1371 2533 1431 2605 Fi-

249 2699 257 2710 ,
337 2630 426 2703 lium
444 2633 578 2729 genuit.
594 2632 633 2704 Si
650 2632 767 2704 Adam
786 2655 857 2704 non
873 2632 1105 2727 peccavisset,
1119 2656 1189 2728 quo
1202 2634 1241 2704 in
1255 2639 1351 2706 statu
1368 2635 1430 2707 ho·

335 2733 450 2808 mines
470 2725 700 2810 versarentur
713 2733 740 2826 ²,
764 2733 893 2806 Judaei
912 2735 1014 2808 nobis
1034 2743 1225 2831 exponant.
1249 2737 1432 2831 Similiter,

335 2837 368 2908 si
393 2839 523 2912 Judaei
551 2838 734 2912 Christum
759 2860 832 2909 non
863 2837 1175 2932 occidissent,alio
1202 2840 1307 2912 modo
1332 2841 1431 2929 Deus

335 2941 509 3037 populum
536 2949 573 3014 et
600 2947 726 3036 gentes
752 2939 935 3012 vivificare
963 2947 1113 3036 poterat.
1151 2943 1300 3015 Satanas
1326 2943 1431 3017 Adae

335 3045 522 3117 consilium
541 3044 689 3116 dederat
706 3065 751 3114 ex
771 3043 897 3116 arbore
925 3045 1144 3138 comedendi,
1163 3046 1246 3140 quia
1271 3049 1431 3142 putabat,

338 3169 377 3217 se
391 3147 422 3218 ei
438 3170 545 3243 posse
563 3169 702 3238 nocere,
717 3146 888 3240 ignorans
903 3146 973 3219 Dei
990 3147 1263 3243 providentiam,
1277 3149 1339 3245 qui
1355 3173 1432 3223 ma·

336 3247 413 3320 lum
431 3253 508 3348 ejus
526 3251 564 3322 in
581 3252 711 3323 bonum
731 3255 925 3341 convertet,
948 3250 1055 3345 juxta
1077 3249 1191 3322 illud:
1214 3273 1229 3354 ff
1246 3253 1285 3326 Si
1303 3273 1431 3348 eogno-

336 3351 450 3424 visset
467 3353 632 3450 populus,
657 3374 730 3422 non
758 3351 892 3446 egisset
910 3352 947 3423 in
970 3375 1110 3424 erucem
1137 3353 1331 3427 Dominum
1356 3355 1431 3450 glo-

332 3454 413 3526 riae
432 3455 480 3538 „ss't
501 3456 619 3544 Quum
638 3454 732 3526 enim
751 3454 806 3526 illi
825 3479 870 3527 ex
880 3455 1056 3550 injustitia
1075 3463 1321 3551 operarentur,
1340 3480 1428 3554 opus

333 3577 461 3632 'eorum
479 3558 653 3631 Dominus
671 3558 709 3628 in
727 3579 827 3628 suam
846 3557 997 3651 gloriam
1015 3559 1200 3631 convertit.

331 3663 334 3668 ’
444 3661 648 3735 Stabant
673 3684 694 3732 a
720 3659 864 3755 longe
891 3661 1086 3754 cognati
1108 3662 1229 3754 lesu,
1248 3663 1430 3758 utimple·

333 3769 448 3858 retur,
468 3765 563 3860 quod
581 3765 714 3836 dictum
733 3769 811 3836 est:
833 3785 847 3820 c
867 3761 1021 3858 Cognati
1038 3763 1109 3836 mei
1128 3770 1163 3836 et
1184 3764 1340 3860 proximi
1361 3765 1432 3837 mei

337 3865 444 3961 longe
463 3869 607 3941 fuerunt
624 3892 646 3940 a
663 3887 719 3938 me
734 3864 783 3941 nl.
797 3869 894 3941 Ante
913 3867 1098 3940 sabbatum
1116 3867 1322 3941 occiderunt
1338 3891 1432 3962 eum,

413 4103 443 4234 i·
462 4099 670 4238 hodAhbibtlrh:
688 4193 701 4226 c
716 4176 875 4247 Quomodo
890 4177 1066 4236 habitarent
1084 4178 1224 4237 homiues
1237 4209 1263 4241 ῃ.
1284 4176 1330 4236 Ol.
1342 4193 1434 4252 supe-

336 4255 400 4316 rius
414 4255 444 4312 in
460 4251 667 4332 explio'atione
681 4257 721 4316 ad
735 4258 809 4317 Luo.
824 4259 890 4333 1,6‚
905 4257 997 4316 diota.

414 4338 442 4393 3.
464 4334 479 4391 I
495 4333 568 4392 Con.
584 4336 612 4408 2,
627 4337 655 4392 8.

413 4417 442 4472 4.
463 4413 515 4498 rs.
529 4416 577 4491 ar,
591 4413 639 4471 12.
