3218 5026
1240 307 1284 378 25

201 437 286 536 Ipse
314 441 434 508 autem
460 434 719 534 primogenitus
745 455 810 504 nos
836 431 873 502 in
894 433 1069 529 baptismo
1097 433 1221 530 genuit
1248 439 1285 505 et

204 541 308 614 donis
337 539 411 612 suis
436 539 693 637 primogenitos
719 537 821 632 fecit,
849 537 886 608 in
905 538 986 610 sinu
1005 537 1100 610 enim
1117 537 1286 634 baptismi
1339 627 1341 634 Ι

202 669 275 718 non
292 645 398 716 datur
424 645 536 741 major
555 650 591 715 et
609 643 735 735 minor,
762 641 846 739 quia
863 664 984 714 omnes
1002 665 1067 739 per
1085 641 1190 714 fidem
1209 643 1282 738 pri·

203 747 379 844 mogeniti
398 773 533 842 sumus,
553 755 588 820 et
602 747 640 821 iu
652 747 754 820 nobis
769 745 955 843 impletum
974 753 1040 836 est,
1059 745 1152 842 quod
1167 746 1285 843 Scrip-

204 861 288 926 tura
306 852 392 925 dicit
402 874 447 924 :a
466 853 578 927 Omne
592 851 881 948 primogenitum,
895 850 989 945 quod
1003 850 1118 946 aperit
1131 855 1285 944 uterum,

203 963 366 1030 sanctum
384 956 536 1030 Domino
553 955 738 1029 vocabitur
755 995 783 1030 a.
809 954 953 1026 Etenim
974 977 1038 1026 nos
1057 978 1121 1051 per
1139 961 1287 1050 peccata

204 1061 367 1134 sordidos
387 1067 423 1132 et
440 1060 543 1157 quasi
556 1059 727 1154 aerugine
746 1065 931 1155 corruptos
949 1057 1147 1154 baptismus
1171 1059 1287 1130 conci-

203 1166 259 1263 pit
278 1173 377 1238 etex
395 1171 498 1236 utero
519 1187 582 1237 suo
601 1165 644 1236 ab
658 1163 845 1260 iniquitate
863 1161 1068 1258 purificatos
1083 1171 1284 1258 regenerat.

292 1270 363 1342 ⁴Iu
382 1268 647 1341 sanctitate
668 1268 920 1342 habitabat
938 1289 1035 1338 cum
1054 1290 1115 1359 ea,
1140 1268 1286 1340 donec

203 1373 395 1470 peperit
421 1370 824 1470 primogenitum¹.
840 1370 1077 1466 Praepostere
1092 1371 1283 1444 dictasunt

203 1480 325 1560 verba.
339 1479 434 1550 Nam
446 1477 546 1573 prius
561 1475 713 1572 sumpsit
727 1499 806 1548 eam
824 1481 860 1546 et
877 1481 1001 1571 postea
1016 1475 1191 1549 habitavit
1207 1497 1287 1550 aum

207 1581 305 1653 eain
324 1582 530 1676 sanctitate,
550 1581 613 1653 sed
631 1581 682 1652 ita
699 1579 842 1675 legitur.
864 1579 1078 1652 “Habitarit
1096 1603 1175 1651 cum
1194 1580 1287 1652 eain

208 1685 397 1758 sanctitate
424 1692 461 1757 et
488 1684 640 1782 sumpsit
666 1683 783 1756 aaml.
821 1683 1031 1780 Sumpsit
1067 1707 1173 1777 eam,
1201 1684 1287 1756 dicit

208 1789 404 1887 Scriptura,
423 1790 506 1885 quia
532 1796 613 1886 post
631 1787 895 1885 conceptionem
911 1787 968 1859 vir
986 1788 1062 1884 ejus
1085 1789 1285 1861 nominatus

209 1902 274 1966 est.
298 1895 513 1968 Volverba:
540 1893 594 1966 In
621 1892 884 1966 sanctitate
910 1889 1162 1966 habitabat
1188 1915 1285 1965 cum

207 2023 269 2090 ea,
288 1997 340 2070 ita
355 1997 616 2093 intelligantur,
629 1997 722 2093 quod
740 2020 921 2092 nunquam
938 1996 1222 2093 concupiscentia
1240 2021 1285 2070 ex

208 2102 378 2198 adspectu
390 2101 488 2174 illius
503 2102 540 2174 in
558 2101 807 2198 cogitationem
822 2101 897 2198 ejus
916 2099 1024 2173 venit.
1044 2100 1197 2174 Donec
1214 2125 1284 2198 pe-

205 2207 333 2304 perit
359 2204 773 2302 primogenituml,
792 2202 814 2276 i.
835 2228 864 2276 e.
892 2203 930 2276 in
947 2203 1133 2280 nativitate
1151 2205 1283 2302 primo-

205 2311 318 2404 geniti
334 2302 563 2383 crediderunt
580 2315 838 2406 novarumque,
868 2308 963 2406 quod
981 2331 1039 2381 res
1058 2316 1113 2382 est
1129 2333 1201 2382 non
1217 2310 1283 2382 hu·

204 2439 330 2493 manae
348 2421 510 2509 naturae,
529 2415 591 2486 sed
611 2413 777 2509 genitura
795 2412 915 2487 divina
929 2410 955 2484 ¹⁸.

308 2519 472 2593 Rursus:
508 2520 561 2592 In
597 2517 867 2592 Sanctitate
902 2516 1155 2590 habitabat
1185 2541 1283 2592 cum

207 2645 269 2714 ea,
289 2621 647 2720 donecpeperit
665 2621 1044 2719 primogenitum.
1063 2621 1164 2694 Haec
1183 2647 1284 2696 sanc-

205 2726 291 2800 titas
308 2727 530 2800 necessitatis
550 2733 637 2819 erat,
656 2726 725 2798 etsi
741 2726 930 2798 accedente
950 2749 1072 2798 eorum
1089 2727 1285 2822 voluntate,
1374 2759 1376 2763 ·

204 2831 268 2903 sed
287 2832 467 2926 sanctitas,
485 2856 591 2929 quam
610 2831 801 2904 servabant
813 2836 894 2926 post
906 2830 1129 2904 nativitatem
1142 2831 1286 2904 Domini

202 2935 327 3029 nostri,
341 2936 518 3011 libertatis
546 2957 668 3009 eorum
687 2940 774 3007 erat.
793 2933 872 3006 Hoc
897 2935 1122 3008 necessitatis
1144 2941 1285 3032 tempus

204 3039 364 3114 definivit
385 3042 568 3138 ejusquem
594 3041 700 3113 finem
726 3036 894 3114 indicavit
912 3037 1054 3111 dicens:
1084 3062 1100 3096 e
1116 3039 1238 3110 Donec
1255 3080 1284 3115 a.

202 3142 340 3217 Porro:
366 3146 420 3219 In
446 3145 708 3218 sanctitate
733 3141 975 3216 habitabat
1001 3166 1097 3216 cum
1125 3166 1186 3236 ea,
1214 3143 1285 3216 do-

202 3271 287 3319 nec
311 3248 502 3346 peperit
527 3244 934 3346 primogenitumt
963 3245 1066 3336 Quod
1088 3248 1119 3320 si
1141 3246 1192 3319 ita
1219 3255 1284 3343 est,

285 3467 312 3523 1.
332 3465 421 3524 Hunc
431 3466 532 3525 locum
543 3483 583 3524 ex
596 3465 662 3526 cod.
673 3465 698 3522 B
710 3465 840 3524 correxi.
854 3466 891 3524 In
903 3465 969 3523 cod.
980 3465 1009 3523 A
1022 3465 1065 3524 ita
1079 3471 1179 3527 sonat:
1195 3470 1213 3504 “
1226 3467 1287 3526 Do·

199 3545 1207 3702 *tutattlttttutatttttrtttltttttatta,
1221 3626 1285 3701 aa
1315 3620 1533 3696 affata.
1586 3618 1589 3628 ’

205 3703 329 3761 enimin
341 3703 595 3780 praecedentibus
608 3703 688 3760 hunc
701 3703 801 3762 locum
815 3703 899 3776 citat,
915 3703 986 3780 quin
1000 3706 1096 3764 verba
1110 3708 1128 3740 “
1141 3711 1172 3764 et
1186 3722 1287 3781 sump-

137 3827 139 3830 .
207 3781 247 3839 sit
261 3789 327 3840 eam
338 3822 356 3856 „
372 3783 499 3859 adjunta
511 3783 692 3842 habeantur.

284 3863 313 3918 3.
333 3863 371 3919 In
385 3861 452 3920 cod·
466 3863 506 3920 B:
522 3865 540 3899 “
551 3861 661 3920 Filium
675 3878 763 3918 suum
776 3859 1009 3938 primogenitum
1022 3901 1050 3938 „.

286 3941 314 3998 4.
335 3941 385 3999 Ita
399 3939 493 4000 vertit
506 3941 638 4000 Aucher.
660 3939 709 3997 Ad
722 3941 869 3998 verbum:
891 3937 981 4007 Quod
995 3959 1032 3998 ea
1052 3939 1108 4021 (sc.
1129 3939 1286 4020 nativitas)

206 4035 268 4077 non
282 4021 330 4076 est
343 4022 455 4078 natura
469 4018 501 4098 (i.
512 4038 539 4078 e.
549 4018 613 4100 res)
627 4019 759 4082 humana
773 4017 828 4076 sed
841 4019 998 4094 generatio
1013 4019 1125 4080 divina.
1139 4021 1242 4080 Possit
1256 4026 1288 4079 et

207 4097 306 4157 verti:
322 4098 411 4166 Quod
423 4099 450 4156 is
465 4096 711 4179 (primogenitus)
726 4115 786 4156 non
801 4101 849 4157 ast
864 4099 997 4157 humana
1009 4105 1121 4174 natura
1135 4098 1166 4171 (i
1183 4119 1210 4159 e.
1225 4117 1287 4160 me·

204 4194 264 4236 'rus
278 4175 394 4257 homo),
409 4178 464 4236 sed
477 4179 634 4252 generatio
649 4178 758 4236 diviua.
1144 4171 1148 4180 '

288 4257 316 4313 5.
336 4258 373 4316 In
388 4257 454 4316 cod.
469 4258 494 4316 B
507 4258 583 4316 haec
598 4261 629 4314 ot
642 4273 772 4336 sequens
786 4255 938 4316 sententia
950 4255 993 4314 ita
1006 4275 1039 4314 sa
1049 4257 1182 4318 habent:
1196 4257 1287 4334 Ejus·

210 4351 271 4412 que
290 4335 381 4394 finem
399 4336 554 4409 indicavit,
574 4337 697 4397 diceus:
723 4336 828 4394 Donec
855 4335 974 4412 peperit
991 4335 1235 4413 primogenitum,
1255 4337 1286 4394 in

210 4414 373 4478 sanctitate
385 4434 451 4476 cum
463 4434 501 4475 ea
510 4414 677 4476 habitabat.
688 4415 719 4476 si
728 4414 771 4473 ita
782 4431 815 4474 se
826 4431 876 4474 res
890 4413 994 4492 habet,
1007 4418 1076 4492 post
1088 4419 1206 4492 partum
1219 4416 1286 4492 ejus
