3260 5020
1069 209 1085 246 N

319 301 389 372 280

320 428 479 507 inclusae
498 445 581 509 sunt
598 442 741 510 nostrae
769 433 966 532 gratiarum
994 431 1152 510 actiones
1171 441 1207 508 et
1229 429 1340 508 multo
1359 433 1418 508 di·

324 539 420 608 stant
436 540 479 610 ab
499 540 551 611 eis
569 563 659 636 quae
678 548 718 612 tu
743 541 978 636 praeveniens
1001 539 1142 612 dedisti.
1170 540 1249 613 Nec
1266 547 1416 636 propter

317 637 493 732 justitiam
511 650 608 716 tuam
635 643 706 715 tuis
733 642 1020 716 miserationibus
1046 643 1220 716 terminus
1252 649 1420 738 ponatur,

323 761 388 811 nec
405 765 484 815 cum
504 745 556 817 eis
582 746 719 841 gratiae
747 753 829 818 tuae
848 746 941 818 dona
967 746 1073 818 finem
1100 746 1266 837 habeant,
1288 767 1355 816 neo
1377 753 1416 819 tu

269 903 273 916 .
322 842 438 918 minor
454 848 557 922 nobis
574 849 741 941 videaris,
759 849 821 944 qui
838 848 950 944 major
967 871 1006 921 es
1024 847 1126 921 nobis
1144 849 1169 942 ⁴,
1190 847 1341 944 quando·
1362 857 1415 921 ta·

323 966 403 1017 cere
431 949 567 1022 facies2
594 951 874 1024 misericordiam
900 959 998 1022 tuam
1026 950 1062 1021 in
1089 951 1246 1024 vindicta
1270 956 1352 1041 tua,
1378 960 1415 1024 et

322 1049 475 1141 gratiam
494 1059 591 1126 tuam
610 1053 647 1125 in
665 1053 827 1127 cursibus
846 1054 920 1127 suis
937 1051 1122 1151 impedies,
1135 1054 1187 1126 ita
1202 1059 1243 1125 ut
1259 1052 1415 1148 perditio

321 1159 444 1226 nostra
467 1177 542 1226 eam
577 1155 794 1252 praeveniat.
827 1157 920 1229 Nam
943 1156 1189 1230 miserationes
1218 1163 1302 1228 tuae
1327 1179 1417 1230 rasa

323 1252 406 1328 sunt
423 1256 558 1352 gloriae
577 1266 659 1332 tuae
687 1259 818 1351 nostris
839 1258 1105 1333 infirmitatibus
1126 1259 1306 1356 adaptate,
1322 1281 1414 1354 quae

321 1358 422 1432 nobis
440 1361 648 1456 praedicent
665 1362 708 1434 de
727 1362 840 1457 bocia,
857 1386 947 1458 quae
965 1386 987 1434 a
1004 1369 1039 1434 te
1057 1361 1218 1436 veniunt.

425 1463 552 1559 Itaque
563 1477 780 1538 'concursum
792 1465 955 1561 justitiae
977 1471 1060 1537 tuae
1078 1488 1143 1560 per
1159 1462 1413 1560 abundantiam

320 1561 446 1638 harum
466 1566 731 1640 miserationum
750 1567 891 1640 irritum
909 1566 987 1641 lieri
1000 1574 1153 1663 oportet.
1170 1567 1219 1638 ut
1236 1567 1332 1638 sicut
1345 1565 1414 1638 ini-

321 1664 411 1738 tium
429 1670 557 1762 nescis,
575 1670 627 1742 ite
643 1691 709 1742 nec
734 1669 870 1742 finem³
889 1671 1044 1762 vocabis,
1063 1676 1099 1741 et
1125 1669 1176 1742 sio
1202 1667 1316 1741 servis
1336 1669 1411 1741 tuis

319 1767 564 1844 misericordia
582 1779 643 1845 tua
660 1772 811 1845 firmatis
839 1780 874 1844 et
900 1773 1017 1868 gratia
1033 1780 1096 1845 tua
1118 1771 1324 1844 confortatis
1345 1770 1411 1846 unss

321 1869 427 1966 dique
444 1875 627 1947 tristitiam
644 1876 779 1971 poteris
797 1875 983 1950 seminare.
1001 1875 1088 1948 Noli
1105 1898 1192 1970 ergo
1210 1881 1246 1946 te
1268 1873 1414 1970 privare

278 2005 287 2025 ν
319 1972 423 2046 domo
440 1984 512 2071 tua,
530 2002 602 2074 qua
619 1977 793 2074 dissipata
810 1985 847 2049 et
863 1977 1006 2075 perdita
1026 1978 1188 2051 homines
1206 2000 1252 2048 ex
1271 1976 1413 2050 defectu

318 2075 403 2148 salis
430 2079 544 2153 nostri
570 2080 716 2176 insipidi
744 2080 849 2173 fient,
876 2089 916 2154 tu
942 2080 1036 2153 enim
1064 2088 1211 2176 gustum
1238 2079 1412 2154 'salutaris

317 2183 400 2252 tuae
419 2181 682 2257 misericordiae
702 2184 804 2258 nobis
820 2183 953 2256 dedisti
969 2183 1117 2256 dicens:
1138 2183 1328 2255 “Mundus
1344 2205 1414 2278 per

316 2283 468 2375 gratiam
486 2286 729 2360 aedificabitur
746 2326 775 2361 η.
802 2287 900 2359 Num
926 2287 1119 2360 minorabis
1146 2285 1248 2360 nobis
1270 2285 1411 2358 miseri·

317 2387 472 2461 cordiam
491 2397 601 2483 tuam,
619 2390 681 2486 qui
699 2390 864 2462 defensor
882 2413 920 2463 cs
938 2386 1104 2463 utilitatis
1129 2387 1305 2462 nostrae?
1326 2389 1410 2462 Jam

314 2486 390 2559 vita
406 2491 508 2564 Adae
536 2516 664 2588 praeco
692 2492 759 2564 luit
785 2491 1049 2566 misericordiae
1075 2500 1259 2589 tusaque
1284 2491 1413 2564 haere·

316 2587 426 2664 dern'⁸
445 2593 512 2666 sibi
531 2595 647 2690 potuit
666 2594 848 2687 suscitare,
867 2598 928 2691 qni
955 2593 1123 2668 tristem⁵
1141 2596 1217 2691 ejus
1243 2595 1410 2668 haeredi·
1485 2613 1487 2616 ·

314 2697 423 2766 tatem
441 2696 619 2792 perderet,
633 2721 713 2769 nam
733 2696 849 2770 denuc
867 2721 932 2794 per
945 2698 1201 2794 poenitentiam
1215 2697 1254 2770 in
1267 2698 1410 2770 Adamo

316 2799 471 2871 seeundo
490 2799 635 2872 voluisti
653 2799 837 2896 possidere
854 2801 1045 2892 hominem,
1063 2802 1125 2897 qui
1145 2803 1210 2875 sub
1227 2799 1406 2896 utroque⁶
1498 2823 1505 2837 ·
1613 2785 1614 2808 ²

313 2897 513 2975 desciscere
535 2912 684 2976 conatur
701 2927 722 2976 a
740 2903 818 2976 cibo
837 2912 909 2998 tuo,
928 2904 989 3002 qui
1015 2901 1124 2977 vitam
1152 2903 1228 3000 ejus
1245 2910 1405 2976 veterem

313 3003 475 3102 extirpat
489 3007 526 3078 in
545 3030 657 3102 regno
675 3013 735 3078 tuo
749 3006 775 3076 ⁷.
804 3006 876 3081 Per
894 3006 1174 3082 misericordiam
1191 3012 1288 3079 tuam
1309 3003 1405 3081 Abel

312 3106 467 3198 primurn
484 3111 522 3182 in
540 3133 622 3183 orco
640 3109 847 3206 deposuisti,
866 3117 906 3182 ut
931 3134 1035 3183 orcus
1061 3134 1126 3206 per
1144 3109 1321 3207 justitiam
1346 3131 1405 3181 co-

313 3218 470 3306 geretur,
488 3237 568 3286 cum
588 3214 632 3285 de
651 3212 767 3286 medic
787 3213 842 3285 sui
859 3215 1019 3310 prolerre
1037 3222 1074 3285 et
1091 3213 1284 3306 dimittere,
1296 3218 1405 3308 atque

312 3309 387 3404 ejus
415 3335 521 3388 eausa
547 3323 651 3412 porta
677 3316 889 3412 aperiretur,
916 3341 1007 3412 quae
1035 3339 1157 3388 omnes
1192 3314 1342 3388 includit
1366 3323 1404 3388 et

311 3425 543 3492 evacuaretur
575 3420 684 3514 sinus,
703 3419 764 3515 qui
795 3419 958 3492 omnibus
987 3419 1185 3516 praevalet.
1214 3418 1254 3491 si
1284 3417 1403 3492 Adam

388 3667 414 3718 1.
435 3663 519 3721 Deus
534 3666 707 3741 exjustitia
721 3667 859 3742 puniens,
875 3667 960 3743 quasi
986 3667 1121 3742 peccatis
1145 3665 1261 3725 nostris
1285 3681 1398 3740 proro-

309 3744 395 3798 eatus
410 3745 441 3798 et
455 3743 501 3800 ira
514 3745 664 3814 devictus,
680 3743 809 3820 ideoque
834 3745 1058 3821 quodammodo
1082 3746 1171 3804 nobis
1196 3743 1321 3802 inferior
1341 3761 1396 3818 pu-

310 3819 367 3875 tari
381 3829 496 3895 posset.

386 3902 414 3956 2.
437 3898 486 3957 Sic
502 3901 530 3956 in
547 3900 613 3959 cod.
628 3900 660 3956 B.
677 3901 713 3958 In
729 3901 796 3958 cod.
811 3903 839 3958 A
854 3901 948 3960 falso:
967 3903 1113 3961 oferrera
1129 3901 1223 3958 facies
1237 3931 1264 3962 ιι
1318 3922 1323 3932 “

387 3981 415 4034 3.
436 3978 559 4035 Scilicet
573 3979 802 4038 misericordiae
820 3986 900 4038 tuae.

386 4059 414 4111 4.
436 4055 552 4130 Nempe
568 4057 734 4114 Christum.

384 4134 411 4188 5.
432 4134 520 4192 llanc
536 4151 642 4192 vocem
657 4136 872 4211 explicationis
887 4153 982 4196 causa
996 4135 1124 4197 inserui.

383 4214 412 4266 s.
433 4211 549 4287 Nempe
565 4211 621 4268 sub
636 4213 753 4272 Adamo
769 4219 801 4272 et
814 4215 947 4274 Christo.

386 4291 412 4346 7.
435 4289 483 4348 Sic
498 4290 527 4346 in
542 4288 610 4348 cod.
624 4291 659 4348 B.
674 4293 710 4350 In
725 4293 792 4352 cod.
808 4295 835 4350 A
851 4295 961 4354 rerba:
981 4295 1044 4353 “In
1059 4296 1245 4369 regnosco„
1265 4309 1396 4368 sequen-

300 4369 326 4426 'ti
341 4368 512 4429 sententiae
528 4357 720 4446 copulantur.
