<?xml version="1.0" encoding="UTF-8"?>
<!DOCTYPE html PUBLIC "-//W3C//DTD XHTML 1.0 Transitional//EN"
    "http://www.w3.org/TR/xhtml1/DTD/xhtml1-transitional.dtd">
<html xmlns="http://www.w3.org/1999/xhtml" xml:lang="en" lang="en">
 <head>
  <title>
</title>
<meta http-equiv="Content-Type" content="text/html;charset=utf-8" />
  <meta name='ocr-system' content='tesseract 3.04.00' />
  <meta name='ocr-capabilities' content='ocr_page ocr_carea ocr_par ocr_line ocrx_word'/>
</head>
<body>
  <div class='ocr_page' id='page_1' title='image "./evangeliiconcor00msgoog_0211.png"; bbox 0 0 3280 5028; ppageno 0'>
   <div class='ocr_carea' id='block_1_1' title="bbox 315 307 388 378">
    <p class='ocr_par' dir='ltr' id='par_1_1' title="bbox 315 307 388 378">
     <span class='ocr_line' id='line_1_1' title="bbox 315 307 388 378; baseline 0.027 -2"><span class='ocrx_word' id='word_1_1' title='bbox 315 307 388 378; x_wconf 87' lang='grc'>188</span> 
     </span>
    </p>
   </div>
   <div class='ocr_carea' id='block_1_2' title="bbox 314 429 1412 1044">
    <p class='ocr_par' dir='ltr' id='par_1_2' title="bbox 314 429 1404 612">
     <span class='ocr_line' id='line_1_2' title="bbox 314 429 1404 530; baseline -0.006 -22"><span class='ocrx_word' id='word_1_2' title='bbox 314 434 564 510; x_wconf 89' lang='lat' dir='ltr'>salutationem</span> <span class='ocrx_word' id='word_1_3' title='bbox 582 433 620 505; x_wconf 89' lang='lat' dir='ltr'>in</span> <span class='ocrx_word' id='word_1_4' title='bbox 638 457 699 507; x_wconf 91' lang='lat' dir='ltr'>ore</span> <span class='ocrx_word' id='word_1_5' title='bbox 719 458 782 508; x_wconf 88' lang='lat' dir='ltr'>suo</span> <span class='ocrx_word' id='word_1_6' title='bbox 801 442 970 530; x_wconf 73' lang='lat' dir='ltr'>gestans,</span> <span class='ocrx_word' id='word_1_7' title='bbox 989 433 1068 506; x_wconf 89' lang='lat' dir='ltr'>ideo</span> <span class='ocrx_word' id='word_1_8' title='bbox 1088 431 1203 506; x_wconf 84' lang='lat' dir='ltr'><strong>dixit:</strong></span> <span class='ocrx_word' id='word_1_9' title='bbox 1227 429 1326 518; x_wconf 69' lang='lat' dir='ltr'>“Qui</span> <span class='ocrx_word' id='word_1_10' title='bbox 1344 431 1404 502; x_wconf 52' lang='lat' dir='ltr'>de*</span> 
     </span>
     <span class='ocr_line' id='line_1_3' title="bbox 317 537 692 612; baseline -0.008 0"><span class='ocrx_word' id='word_1_11' title='bbox 317 539 455 612; x_wconf 83' lang='lat' dir='ltr'>scandit</span> <span class='ocrx_word' id='word_1_12' title='bbox 481 538 524 608; x_wconf 92' lang='lat' dir='ltr'>de</span> <span class='ocrx_word' id='word_1_13' title='bbox 552 537 651 610; x_wconf 88' lang='lat' dir='ltr'>coelo</span> <span class='ocrx_word' id='word_1_14' title='bbox 664 573 692 611; x_wconf 73' lang='lat' dir='ltr'>n.</span> 
     </span>
    </p>

    <p class='ocr_par' dir='ltr' id='par_1_3' title="bbox 315 635 1412 1044">
     <span class='ocr_line' id='line_1_4' title="bbox 418 635 1406 734; baseline -0.004 -22"><span class='ocrx_word' id='word_1_15' title='bbox 418 641 570 733; x_wconf 65' lang='lat' dir='ltr'>Rursus</span> <span class='ocrx_word' id='word_1_16' title='bbox 583 640 667 734; x_wconf 87' lang='lat' dir='ltr'>quia</span> <span class='ocrx_word' id='word_1_17' title='bbox 685 638 859 711; x_wconf 86' lang='lat' dir='ltr'>Dominus</span> <span class='ocrx_word' id='word_1_18' title='bbox 877 645 958 733; x_wconf 89' lang='lat' dir='ltr'>post</span> <span class='ocrx_word' id='word_1_19' title='bbox 971 640 1083 711; x_wconf 86' lang='lat' dir='ltr'>verba</span> <span class='ocrx_word' id='word_1_20' title='bbox 1100 635 1288 711; x_wconf 89' lang='lat' dir='ltr'>Nicodemi</span> <span class='ocrx_word' id='word_1_21' title='bbox 1301 635 1406 720; x_wconf 88' lang='lat' dir='ltr'>dixit:</span> 
     </span>
     <span class='ocr_line' id='line_1_5' title="bbox 316 739 1407 836; baseline -0.004 -22"><span class='ocrx_word' id='word_1_22' title='bbox 316 743 452 815; x_wconf 83' lang='lat' dir='ltr'>Tuas</span> <span class='ocrx_word' id='word_1_23' title='bbox 479 743 712 836; x_wconf 87' lang='lat' dir='ltr'>magister</span> <span class='ocrx_word' id='word_1_24' title='bbox 738 741 785 812; x_wconf 92' lang='lat' dir='ltr'>in</span> <span class='ocrx_word' id='word_1_25' title='bbox 810 740 1033 814; x_wconf 86' lang='lat' dir='ltr'>Israelet</span> <span class='ocrx_word' id='word_1_26' title='bbox 1058 741 1173 814; x_wconf 90' lang='lat' dir='ltr'>haec</span> <span class='ocrx_word' id='word_1_27' title='bbox 1200 739 1407 833; x_wconf 89' lang='lat' dir='ltr'>ignoras,</span> 
     </span>
     <span class='ocr_line' id='line_1_6' title="bbox 315 839 1407 941; baseline -0.002 -25"><span class='ocrx_word' id='word_1_28' title='bbox 315 844 531 941; x_wconf 84' lang='lat' dir='ltr'>quaerimus,</span> <span class='ocrx_word' id='word_1_29' title='bbox 550 845 636 940; x_wconf 92' lang='lat' dir='ltr'>quid</span> <span class='ocrx_word' id='word_1_30' title='bbox 656 845 746 918; x_wconf 89' lang='lat' dir='ltr'>scire</span> <span class='ocrx_word' id='word_1_31' title='bbox 764 843 826 914; x_wconf 91' lang='lat' dir='ltr'>ille</span> <span class='ocrx_word' id='word_1_32' title='bbox 846 843 1003 935; x_wconf 83' lang='lat' dir='ltr'>deberet,</span> <span class='ocrx_word' id='word_1_33' title='bbox 1017 843 1086 916; x_wconf 89' lang='lat' dir='ltr'>nisi</span> <span class='ocrx_word' id='word_1_34' title='bbox 1105 843 1142 915; x_wconf 91' lang='lat' dir='ltr'>id</span> <span class='ocrx_word' id='word_1_35' title='bbox 1157 841 1250 939; x_wconf 93' lang='lat' dir='ltr'>quod</span> <span class='ocrx_word' id='word_1_36' title='bbox 1268 841 1307 913; x_wconf 92' lang='lat' dir='ltr'>in</span> <span class='ocrx_word' id='word_1_37' title='bbox 1323 839 1407 935; x_wconf 88' lang='lat' dir='ltr'>lege</span> 
     </span>
     <span class='ocr_line' id='line_1_7' title="bbox 315 943 1412 1044; baseline -0.003 -25"><span class='ocrx_word' id='word_1_38' title='bbox 315 955 353 1020; x_wconf 89' lang='lat' dir='ltr'>et</span> <span class='ocrx_word' id='word_1_39' title='bbox 369 947 408 1018; x_wconf 89' lang='lat' dir='ltr'>in</span> <span class='ocrx_word' id='word_1_40' title='bbox 429 948 614 1044; x_wconf 90' lang='lat' dir='ltr'>prophetis</span> <span class='ocrx_word' id='word_1_41' title='bbox 640 947 898 1039; x_wconf 87' lang='lat' dir='ltr'>continebatur,</span> <span class='ocrx_word' id='word_1_42' title='bbox 918 946 1063 1040; x_wconf 87' lang='lat' dir='ltr'>scilicet,</span> <span class='ocrx_word' id='word_1_43' title='bbox 1078 947 1273 1042; x_wconf 82' lang='lat' dir='ltr'>hyssopum</span> <span class='ocrx_word' id='word_1_44' title='bbox 1300 943 1412 1016; x_wconf 56' lang='lat' dir='ltr'>intinw</span> 
     </span>
    </p>
   </div>
   <div class='ocr_carea' id='block_1_3' title="bbox 315 1045 1408 1454">
    <p class='ocr_par' dir='ltr' id='par_1_4' title="bbox 315 1045 1408 1454">
     <span class='ocr_line' id='line_1_8' title="bbox 316 1045 1407 1146; baseline -0.003 -25"><span class='ocrx_word' id='word_1_45' title='bbox 316 1073 402 1146; x_wconf 84' lang='lat' dir='ltr'>gere</span> <span class='ocrx_word' id='word_1_46' title='bbox 422 1057 458 1122; x_wconf 92' lang='lat' dir='ltr'>et</span> <span class='ocrx_word' id='word_1_47' title='bbox 475 1073 567 1144; x_wconf 90' lang='lat' dir='ltr'>aqna</span> <span class='ocrx_word' id='word_1_48' title='bbox 584 1049 822 1145; x_wconf 84' lang='lat' dir='ltr'>conspergere</span> <span class='ocrx_word' id='word_1_49' title='bbox 842 1057 878 1120; x_wconf 88' lang='lat' dir='ltr'>st</span> <span class='ocrx_word' id='word_1_50' title='bbox 895 1049 1078 1144; x_wconf 87' lang='lat' dir='ltr'>baptizare</span> <span class='ocrx_word' id='word_1_51' title='bbox 1096 1049 1142 1120; x_wconf 91' lang='lat' dir='ltr'>ad</span> <span class='ocrx_word' id='word_1_52' title='bbox 1160 1045 1407 1120; x_wconf 59' lang='lat' dir='ltr'>sanctificatioss</span> 
     </span>
     <span class='ocr_line' id='line_1_9' title="bbox 315 1149 1408 1248; baseline -0.003 -24"><span class='ocrx_word' id='word_1_53' title='bbox 315 1175 397 1224; x_wconf 92' lang='lat' dir='ltr'>nem</span> <span class='ocrx_word' id='word_1_54' title='bbox 416 1161 454 1229; x_wconf 75' lang='lat' dir='ltr'>et.</span> <span class='ocrx_word' id='word_1_55' title='bbox 483 1151 554 1223; x_wconf 88' lang='lat' dir='ltr'>alia</span> <span class='ocrx_word' id='word_1_56' title='bbox 579 1152 791 1248; x_wconf 89' lang='lat' dir='ltr'>hujusmodi.</span> <span class='ocrx_word' id='word_1_57' title='bbox 820 1151 859 1223; x_wconf 84' lang='lat' dir='ltr'>Si</span> <span class='ocrx_word' id='word_1_58' title='bbox 885 1159 967 1223; x_wconf 91' lang='lat' dir='ltr'>ante</span> <span class='ocrx_word' id='word_1_59' title='bbox 1000 1151 1193 1223; x_wconf 81' lang='lat' dir='ltr'>adventum</span> <span class='ocrx_word' id='word_1_60' title='bbox 1219 1149 1304 1222; x_wconf 83' lang='lat' dir='ltr'>Filii</span> <span class='ocrx_word' id='word_1_61' title='bbox 1328 1149 1408 1246; x_wconf 82' lang='lat' dir='ltr'>typi</span> 
     </span>
     <span class='ocr_line' id='line_1_10' title="bbox 316 1251 1408 1349; baseline -0.003 -23"><span class='ocrx_word' id='word_1_62' title='bbox 316 1278 390 1327; x_wconf 94' lang='lat' dir='ltr'>non</span> <span class='ocrx_word' id='word_1_63' title='bbox 416 1261 536 1328; x_wconf 87' lang='lat' dir='ltr'>essent</span> <span class='ocrx_word' id='word_1_64' title='bbox 562 1253 747 1346; x_wconf 87' lang='lat' dir='ltr'>efformati,</span> <span class='ocrx_word' id='word_1_65' title='bbox 774 1253 905 1349; x_wconf 84' lang='lat' dir='ltr'>injuste</span> <span class='ocrx_word' id='word_1_66' title='bbox 931 1254 1106 1326; x_wconf 80' lang='lat' dir='ltr'>Dominus</span> <span class='ocrx_word' id='word_1_67' title='bbox 1132 1277 1179 1324; x_wconf 91' lang='lat' dir='ltr'>ex</span> <span class='ocrx_word' id='word_1_68' title='bbox 1212 1251 1408 1324; x_wconf 89' lang='lat' dir='ltr'>Nicodsmo</span> 
     </span>
     <span class='ocr_line' id='line_1_11' title="bbox 317 1355 1408 1454; baseline -0.004 -24"><span class='ocrx_word' id='word_1_69' title='bbox 317 1359 368 1430; x_wconf 84' lang='lat' dir='ltr'>ita</span> <span class='ocrx_word' id='word_1_70' title='bbox 386 1357 610 1454; x_wconf 74' lang='lat' dir='ltr'>quaesiisset.</span> <span class='ocrx_word' id='word_1_71' title='bbox 630 1357 749 1444; x_wconf 86' lang='lat' dir='ltr'>Quum</span> <span class='ocrx_word' id='word_1_72' title='bbox 767 1365 887 1429; x_wconf 90' lang='lat' dir='ltr'>autem</span> <span class='ocrx_word' id='word_1_73' title='bbox 904 1357 1020 1429; x_wconf 88' lang='lat' dir='ltr'>Filius</span> <span class='ocrx_word' id='word_1_74' title='bbox 1047 1357 1116 1428; x_wconf 93' lang='lat' dir='ltr'>Dei</span> <span class='ocrx_word' id='word_1_75' title='bbox 1135 1355 1173 1426; x_wconf 90' lang='lat' dir='ltr'>in</span> <span class='ocrx_word' id='word_1_76' title='bbox 1196 1355 1306 1427; x_wconf 85' lang='lat' dir='ltr'>sacris</span> <span class='ocrx_word' id='word_1_77' title='bbox 1333 1355 1408 1426; x_wconf 89' lang='lat' dir='ltr'>suis</span> 
     </span>
    </p>
   </div>
   <div class='ocr_carea' id='block_1_4' title="bbox 184 1455 1409 1559">
    <p class='ocr_par' dir='ltr' id='par_1_5' title="bbox 184 1455 1409 1559">
     <span class='ocr_line' id='line_1_12' title="bbox 184 1455 1409 1559; baseline -0.004 -26"><span class='ocrx_word' id='word_1_78' title='bbox 184 1538 191 1548; x_wconf 67' lang='grc'>,</span> <span class='ocrx_word' id='word_1_79' title='bbox 260 1501 263 1507; x_wconf 84' lang='grc'><em>·</em></span> <span class='ocrx_word' id='word_1_80' title='bbox 317 1461 504 1559; x_wconf 88' lang='lat' dir='ltr'>scripturis</span> <span class='ocrx_word' id='word_1_81' title='bbox 518 1460 745 1532; x_wconf 90' lang='lat' dir='ltr'>absconditus</span> <span class='ocrx_word' id='word_1_82' title='bbox 760 1467 865 1553; x_wconf 88' lang='lat' dir='ltr'>esset,</span> <span class='ocrx_word' id='word_1_83' title='bbox 875 1466 912 1530; x_wconf 89' lang='lat' dir='ltr'>et</span> <span class='ocrx_word' id='word_1_84' title='bbox 923 1459 985 1531; x_wconf 92' lang='lat' dir='ltr'>ille</span> <span class='ocrx_word' id='word_1_85' title='bbox 995 1459 1062 1530; x_wconf 88' lang='lat' dir='ltr'>hoc</span> <span class='ocrx_word' id='word_1_86' title='bbox 1074 1481 1145 1529; x_wconf 95' lang='lat' dir='ltr'>non</span> <span class='ocrx_word' id='word_1_87' title='bbox 1158 1455 1409 1550; x_wconf 73' lang='lat' dir='ltr'>intellexisset</span> 
     </span>
    </p>
   </div>
   <div class='ocr_carea' id='block_1_5' title="bbox 236 1559 1417 4121">
    <p class='ocr_par' dir='ltr' id='par_1_6' title="bbox 258 1559 1413 2765">
     <span class='ocr_line' id='line_1_13' title="bbox 309 1559 1410 1657; baseline -0.005 -21"><span class='ocrx_word' id='word_1_88' title='bbox 309 1562 490 1636; x_wconf 81' lang='lat' dir='ltr'>&#39;Dominus</span> <span class='ocrx_word' id='word_1_89' title='bbox 509 1570 605 1635; x_wconf 87' lang='lat' dir='ltr'>recte</span> <span class='ocrx_word' id='word_1_90' title='bbox 624 1585 787 1634; x_wconf 89' lang='lat' dir='ltr'>somnum</span> <span class='ocrx_word' id='word_1_91' title='bbox 805 1563 881 1657; x_wconf 88' lang='lat' dir='ltr'>ejus</span> <span class='ocrx_word' id='word_1_92' title='bbox 900 1561 1068 1634; x_wconf 78' lang='lat' dir='ltr'>discussit</span> <span class='ocrx_word' id='word_1_93' title='bbox 1086 1567 1122 1632; x_wconf 91' lang='lat' dir='ltr'>et</span> <span class='ocrx_word' id='word_1_94' title='bbox 1139 1563 1302 1633; x_wconf 86' lang='lat' dir='ltr'>morbum</span> <span class='ocrx_word' id='word_1_95' title='bbox 1330 1559 1410 1633; x_wconf 92' lang='lat' dir='ltr'>miti</span> 
     </span>
     <span class='ocr_line' id='line_1_14' title="bbox 315 1661 1409 1758; baseline -0.005 -20"><span class='ocrx_word' id='word_1_96' title='bbox 315 1673 353 1738; x_wconf 90' lang='lat' dir='ltr'>et</span> <span class='ocrx_word' id='word_1_97' title='bbox 366 1665 528 1738; x_wconf 88' lang='lat' dir='ltr'>modesta</span> <span class='ocrx_word' id='word_1_98' title='bbox 544 1688 630 1736; x_wconf 88' lang='lat' dir='ltr'>voce</span> <span class='ocrx_word' id='word_1_99' title='bbox 654 1665 804 1758; x_wconf 84' lang='lat' dir='ltr'>sanavit,</span> <span class='ocrx_word' id='word_1_100' title='bbox 822 1672 858 1736; x_wconf 88' lang='lat' dir='ltr'>et</span> <span class='ocrx_word' id='word_1_101' title='bbox 875 1664 913 1735; x_wconf 91' lang='lat' dir='ltr'>in</span> <span class='ocrx_word' id='word_1_102' title='bbox 930 1663 1147 1736; x_wconf 84' lang='lat' dir='ltr'>memoriam</span> <span class='ocrx_word' id='word_1_103' title='bbox 1168 1662 1203 1734; x_wconf 88' lang='lat' dir='ltr'>ei</span> <span class='ocrx_word' id='word_1_104' title='bbox 1228 1661 1409 1735; x_wconf 86' lang='lat' dir='ltr'>revocavit</span> 
     </span>
     <span class='ocr_line' id='line_1_15' title="bbox 316 1765 1410 1864; baseline -0.005 -22"><span class='ocrx_word' id='word_1_105' title='bbox 316 1769 532 1864; x_wconf 84' lang='lat' dir='ltr'>baptismata</span> <span class='ocrx_word' id='word_1_106' title='bbox 561 1765 792 1860; x_wconf 85' lang='lat' dir='ltr'>remissionis,</span> <span class='ocrx_word' id='word_1_107' title='bbox 815 1791 905 1863; x_wconf 89' lang='lat' dir='ltr'>quae</span> <span class='ocrx_word' id='word_1_108' title='bbox 936 1774 1038 1839; x_wconf 90' lang='lat' dir='ltr'>erant</span> <span class='ocrx_word' id='word_1_109' title='bbox 1067 1767 1106 1838; x_wconf 90' lang='lat' dir='ltr'>in</span> <span class='ocrx_word' id='word_1_110' title='bbox 1137 1765 1254 1838; x_wconf 91' lang='lat' dir='ltr'>medio</span> <span class='ocrx_word' id='word_1_111' title='bbox 1283 1765 1410 1836; x_wconf 91' lang='lat' dir='ltr'>Israel.</span> 
     </span>
     <span class='ocr_line' id='line_1_16' title="bbox 317 1867 1410 1964; baseline -0.004 -20"><span class='ocrx_word' id='word_1_112' title='bbox 317 1871 413 1944; x_wconf 91' lang='lat' dir='ltr'>Nam</span> <span class='ocrx_word' id='word_1_113' title='bbox 432 1877 468 1944; x_wconf 93' lang='lat' dir='ltr'>et</span> <span class='ocrx_word' id='word_1_114' title='bbox 484 1870 685 1964; x_wconf 76' lang='lat' dir='ltr'>Zacharias,</span> <span class='ocrx_word' id='word_1_115' title='bbox 704 1893 812 1964; x_wconf 88' lang='lat' dir='ltr'>quum</span> <span class='ocrx_word' id='word_1_116' title='bbox 832 1869 900 1942; x_wconf 89' lang='lat' dir='ltr'>sibi</span> <span class='ocrx_word' id='word_1_117' title='bbox 926 1869 1213 1960; x_wconf 77' lang='lat' dir='ltr'>annuntiaretur,</span> <span class='ocrx_word' id='word_1_118' title='bbox 1232 1891 1270 1939; x_wconf 89' lang='lat' dir='ltr'>se</span> <span class='ocrx_word' id='word_1_119' title='bbox 1297 1867 1410 1940; x_wconf 87' lang='lat' dir='ltr'>filiurn</span> 
     </span>
     <span class='ocr_line' id='line_1_17' title="bbox 315 1971 1410 2068; baseline -0.007 -20"><span class='ocrx_word' id='word_1_120' title='bbox 315 1973 522 2048; x_wconf 89' lang='lat' dir='ltr'>habiturum</span> <span class='ocrx_word' id='word_1_121' title='bbox 536 1997 626 2066; x_wconf 89' lang='lat' dir='ltr'>esse,</span> <span class='ocrx_word' id='word_1_122' title='bbox 637 1973 822 2066; x_wconf 85' lang='lat' dir='ltr'>dubitavit,</span> <span class='ocrx_word' id='word_1_123' title='bbox 832 1973 982 2068; x_wconf 87' lang='lat' dir='ltr'>ideoque</span> <span class='ocrx_word' id='word_1_124' title='bbox 996 1971 1121 2065; x_wconf 87' lang='lat' dir='ltr'>lingua</span> <span class='ocrx_word' id='word_1_125' title='bbox 1135 1971 1223 2067; x_wconf 87' lang='lat' dir='ltr'>ejus,</span> <span class='ocrx_word' id='word_1_126' title='bbox 1233 1995 1303 2065; x_wconf 89' lang='lat' dir='ltr'>qua</span> <span class='ocrx_word' id='word_1_127' title='bbox 1317 1976 1410 2042; x_wconf 88' lang='lat' dir='ltr'>oete-</span> 
     </span>
     <span class='ocr_line' id='line_1_18' title="bbox 314 2073 1410 2170; baseline -0.004 -20"><span class='ocrx_word' id='word_1_128' title='bbox 314 2100 377 2150; x_wconf 88' lang='lat' dir='ltr'>ros</span> <span class='ocrx_word' id='word_1_129' title='bbox 393 2078 552 2169; x_wconf 89' lang='lat' dir='ltr'>docebat,</span> <span class='ocrx_word' id='word_1_130' title='bbox 571 2077 684 2170; x_wconf 87' lang='lat' dir='ltr'>ligata</span> <span class='ocrx_word' id='word_1_131' title='bbox 701 2083 765 2148; x_wconf 85' lang='lat' dir='ltr'>est.</span> <span class='ocrx_word' id='word_1_132' title='bbox 785 2076 958 2150; x_wconf 81' lang='lat' dir='ltr'>Similiter</span> <span class='ocrx_word' id='word_1_133' title='bbox 973 2081 1009 2146; x_wconf 89' lang='lat' dir='ltr'>et</span> <span class='ocrx_word' id='word_1_134' title='bbox 1022 2073 1218 2146; x_wconf 88' lang='lat' dir='ltr'>Nicodemo</span> <span class='ocrx_word' id='word_1_135' title='bbox 1236 2090 1358 2145; x_wconf 89' lang='lat' dir='ltr'>omnes</span> <span class='ocrx_word' id='word_1_136' title='bbox 1371 2073 1410 2146; x_wconf 92' lang='lat' dir='ltr'>hi</span> 
     </span>
     <span class='ocr_line' id='line_1_19' title="bbox 317 2169 1410 2276; baseline -0.003 -24"><span class='ocrx_word' id='word_1_137' title='bbox 317 2179 397 2276; x_wconf 87' lang='lat' dir='ltr'>typi</span> <span class='ocrx_word' id='word_1_138' title='bbox 414 2187 496 2252; x_wconf 90' lang='lat' dir='ltr'>ante</span> <span class='ocrx_word' id='word_1_139' title='bbox 515 2169 634 2252; x_wconf 86' lang='lat' dir='ltr'>oculos</span> <span class='ocrx_word' id='word_1_140' title='bbox 654 2179 762 2274; x_wconf 91' lang='lat' dir='ltr'>positi</span> <span class='ocrx_word' id='word_1_141' title='bbox 780 2186 882 2250; x_wconf 91' lang='lat' dir='ltr'>erant</span> <span class='ocrx_word' id='word_1_142' title='bbox 899 2185 935 2250; x_wconf 88' lang='lat' dir='ltr'>et</span> <span class='ocrx_word' id='word_1_143' title='bbox 960 2201 1032 2249; x_wconf 92' lang='lat' dir='ltr'>non</span> <span class='ocrx_word' id='word_1_144' title='bbox 1058 2175 1219 2268; x_wconf 71' lang='lat' dir='ltr'>credidit,</span> <span class='ocrx_word' id='word_1_145' title='bbox 1241 2179 1348 2270; x_wconf 87' lang='lat' dir='ltr'>quam</span> <span class='ocrx_word' id='word_1_146' title='bbox 1366 2178 1410 2249; x_wconf 92' lang='lat' dir='ltr'>ob</span> 
     </span>
     <span class='ocr_line' id='line_1_20' title="bbox 319 2277 1412 2376; baseline -0.005 -22"><span class='ocrx_word' id='word_1_147' title='bbox 319 2306 396 2354; x_wconf 89' lang='lat' dir='ltr'>rem</span> <span class='ocrx_word' id='word_1_148' title='bbox 423 2283 598 2354; x_wconf 91' lang='lat' dir='ltr'>Dominus</span> <span class='ocrx_word' id='word_1_149' title='bbox 624 2305 706 2356; x_wconf 91' lang='lat' dir='ltr'>eum</span> <span class='ocrx_word' id='word_1_150' title='bbox 724 2281 952 2376; x_wconf 80' lang='lat' dir='ltr'>vituperavit,</span> <span class='ocrx_word' id='word_1_151' title='bbox 971 2279 1034 2351; x_wconf 86' lang='lat' dir='ltr'>sed</span> <span class='ocrx_word' id='word_1_152' title='bbox 1051 2278 1208 2350; x_wconf 91' lang='lat' dir='ltr'>comiter.</span> <span class='ocrx_word' id='word_1_153' title='bbox 1227 2277 1320 2365; x_wconf 87' lang='lat' dir='ltr'>Quia</span> <span class='ocrx_word' id='word_1_154' title='bbox 1340 2277 1412 2350; x_wconf 90' lang='lat' dir='ltr'>Dc·</span> 
     </span>
     <span class='ocr_line' id='line_1_21' title="bbox 258 2380 1412 2478; baseline -0.003 -22"><span class='ocrx_word' id='word_1_155' title='bbox 258 2395 261 2398; x_wconf 82' lang='grc'><strong>’</strong></span> <span class='ocrx_word' id='word_1_156' title='bbox 317 2385 436 2474; x_wconf 86' lang='lat' dir='ltr'>minus</span> <span class='ocrx_word' id='word_1_157' title='bbox 464 2409 546 2456; x_wconf 91' lang='lat' dir='ltr'>eum</span> <span class='ocrx_word' id='word_1_158' title='bbox 572 2391 816 2478; x_wconf 81' lang='lat' dir='ltr'>aegrotantem</span> <span class='ocrx_word' id='word_1_159' title='bbox 842 2382 1002 2478; x_wconf 85' lang='lat' dir='ltr'>quidem,</span> <span class='ocrx_word' id='word_1_160' title='bbox 1025 2381 1088 2454; x_wconf 91' lang='lat' dir='ltr'>sed</span> <span class='ocrx_word' id='word_1_161' title='bbox 1114 2380 1261 2454; x_wconf 89' lang='lat' dir='ltr'>sanitati</span> <span class='ocrx_word' id='word_1_162' title='bbox 1291 2381 1412 2477; x_wconf 87' lang='lat' dir='ltr'>proxi-</span> 
     </span>
     <span class='ocr_line' id='line_1_22' title="bbox 319 2484 1412 2582; baseline -0.002 -24"><span class='ocrx_word' id='word_1_163' title='bbox 319 2509 418 2558; x_wconf 91' lang='lat' dir='ltr'>mum</span> <span class='ocrx_word' id='word_1_164' title='bbox 437 2493 473 2558; x_wconf 91' lang='lat' dir='ltr'>et</span> <span class='ocrx_word' id='word_1_165' title='bbox 491 2507 533 2558; x_wconf 85' lang='lat' dir='ltr'>ea</span> <span class='ocrx_word' id='word_1_166' title='bbox 551 2509 641 2580; x_wconf 91' lang='lat' dir='ltr'>quae</span> <span class='ocrx_word' id='word_1_167' title='bbox 659 2487 760 2582; x_wconf 91' lang='lat' dir='ltr'>prius</span> <span class='ocrx_word' id='word_1_168' title='bbox 786 2487 825 2558; x_wconf 92' lang='lat' dir='ltr'>in</span> <span class='ocrx_word' id='word_1_169' title='bbox 850 2486 932 2580; x_wconf 89' lang='lat' dir='ltr'>lege</span> <span class='ocrx_word' id='word_1_170' title='bbox 959 2485 1003 2556; x_wconf 90' lang='lat' dir='ltr'>de</span> <span class='ocrx_word' id='word_1_171' title='bbox 1031 2485 1109 2580; x_wconf 89' lang='lat' dir='ltr'>ipso</span> <span class='ocrx_word' id='word_1_172' title='bbox 1137 2484 1270 2579; x_wconf 89' lang='lat' dir='ltr'>scripta</span> <span class='ocrx_word' id='word_1_173' title='bbox 1299 2491 1412 2577; x_wconf 87' lang='lat' dir='ltr'>erant,</span> 
     </span>
     <span class='ocr_line' id='line_1_23' title="bbox 318 2585 1413 2684; baseline -0.002 -22"><span class='ocrx_word' id='word_1_174' title='bbox 318 2588 545 2682; x_wconf 82' lang='lat' dir='ltr'>ignorantem</span> <span class='ocrx_word' id='word_1_175' title='bbox 558 2588 660 2681; x_wconf 83' lang='lat' dir='ltr'>vidit,</span> <span class='ocrx_word' id='word_1_176' title='bbox 677 2589 893 2684; x_wconf 91' lang='lat' dir='ltr'>baptismum</span> <span class='ocrx_word' id='word_1_177' title='bbox 911 2588 1087 2684; x_wconf 78' lang='lat' dir='ltr'>perfectae</span> <span class='ocrx_word' id='word_1_178' title='bbox 1102 2585 1317 2682; x_wconf 85' lang='lat' dir='ltr'>expiationis</span> <span class='ocrx_word' id='word_1_179' title='bbox 1336 2609 1413 2660; x_wconf 85' lang='lat' dir='ltr'>car·</span> 
     </span>
     <span class='ocr_line' id='line_1_24' title="bbox 318 2691 880 2765; baseline 0 -3"><span class='ocrx_word' id='word_1_180' title='bbox 318 2691 375 2762; x_wconf 92' lang='lat' dir='ltr'>nis</span> <span class='ocrx_word' id='word_1_181' title='bbox 395 2698 433 2762; x_wconf 89' lang='lat' dir='ltr'>et</span> <span class='ocrx_word' id='word_1_182' title='bbox 450 2691 588 2762; x_wconf 92' lang='lat' dir='ltr'>animae</span> <span class='ocrx_word' id='word_1_183' title='bbox 608 2691 641 2761; x_wconf 92' lang='lat' dir='ltr'>ei</span> <span class='ocrx_word' id='word_1_184' title='bbox 659 2691 880 2765; x_wconf 83' lang='lat' dir='ltr'>monstravit.</span> 
     </span>
    </p>

    <p class='ocr_par' dir='ltr' id='par_1_7' title="bbox 236 2789 1417 4121">
     <span class='ocr_line' id='line_1_25' title="bbox 357 2789 1414 2889; baseline -0.005 -23"><span class='ocrx_word' id='word_1_185' title='bbox 357 2879 364 2886; x_wconf 28' lang='grc' dir='ltr'>ι</span> <span class='ocrx_word' id='word_1_186' title='bbox 423 2795 552 2866; x_wconf 87' lang='lat' dir='ltr'>Nonne</span> <span class='ocrx_word' id='word_1_187' title='bbox 582 2791 808 2889; x_wconf 85' lang='lat' dir='ltr'>intellexisti,</span> <span class='ocrx_word' id='word_1_188' title='bbox 837 2817 858 2865; x_wconf 96' lang='lat' dir='ltr'>o</span> <span class='ocrx_word' id='word_1_189' title='bbox 890 2792 1100 2885; x_wconf 88' lang='lat' dir='ltr'>Nicodeme,</span> <span class='ocrx_word' id='word_1_190' title='bbox 1128 2793 1301 2867; x_wconf 87' lang='lat' dir='ltr'>Jacobum</span> <span class='ocrx_word' id='word_1_191' title='bbox 1338 2789 1414 2862; x_wconf 89' lang='lat' dir='ltr'>sine</span> 
     </span>
     <span class='ocr_line' id='line_1_26' title="bbox 318 2893 1416 2992; baseline -0.005 -24"><span class='ocrx_word' id='word_1_192' title='bbox 318 2903 421 2968; x_wconf 92' lang='lat' dir='ltr'>utero</span> <span class='ocrx_word' id='word_1_193' title='bbox 440 2903 477 2968; x_wconf 90' lang='lat' dir='ltr'>et</span> <span class='ocrx_word' id='word_1_194' title='bbox 494 2901 619 2970; x_wconf 88' lang='lat' dir='ltr'>ventre</span> <span class='ocrx_word' id='word_1_195' title='bbox 637 2895 682 2966; x_wconf 93' lang='lat' dir='ltr'>ad</span> <span class='ocrx_word' id='word_1_196' title='bbox 700 2895 1019 2992; x_wconf 88' lang='lat' dir='ltr'>primogenituram</span> <span class='ocrx_word' id='word_1_197' title='bbox 1038 2901 1224 2986; x_wconf 71' lang='lat' dir='ltr'>natumst</span> <span class='ocrx_word' id='word_1_198' title='bbox 1250 2893 1416 2966; x_wconf 89' lang='lat' dir='ltr'>Naaman</span> 
     </span>
     <span class='ocr_line' id='line_1_27' title="bbox 318 2995 1417 3094; baseline -0.005 -23"><span class='ocrx_word' id='word_1_199' title='bbox 318 2999 396 3072; x_wconf 90' lang='lat' dir='ltr'>sine</span> <span class='ocrx_word' id='word_1_200' title='bbox 422 3006 524 3072; x_wconf 88' lang='lat' dir='ltr'>utero</span> <span class='ocrx_word' id='word_1_201' title='bbox 551 3007 802 3092; x_wconf 90' lang='lat' dir='ltr'>regeneratum</span> <span class='ocrx_word' id='word_1_202' title='bbox 821 3021 910 3091; x_wconf 88' lang='lat' dir='ltr'>esse,</span> <span class='ocrx_word' id='word_1_203' title='bbox 929 3023 1039 3094; x_wconf 90' lang='lat' dir='ltr'>quum</span> <span class='ocrx_word' id='word_1_204' title='bbox 1065 2997 1229 3070; x_wconf 82' lang='lat' dir='ltr'>Elisaeus</span> <span class='ocrx_word' id='word_1_205' title='bbox 1262 2995 1306 3070; x_wconf 87' lang='lat' dir='ltr'>ad</span> <span class='ocrx_word' id='word_1_206' title='bbox 1333 3017 1417 3067; x_wconf 88' lang='lat' dir='ltr'>eum</span> 
     </span>
     <span class='ocr_line' id='line_1_28' title="bbox 318 3097 1412 3198; baseline -0.005 -24"><span class='ocrx_word' id='word_1_207' title='bbox 318 3101 526 3198; x_wconf 91' lang='lat' dir='ltr'>loqueretur</span> <span class='ocrx_word' id='word_1_208' title='bbox 545 3107 580 3172; x_wconf 90' lang='lat' dir='ltr'>et</span> <span class='ocrx_word' id='word_1_209' title='bbox 606 3101 668 3172; x_wconf 90' lang='lat' dir='ltr'>ille</span> <span class='ocrx_word' id='word_1_210' title='bbox 691 3103 808 3174; x_wconf 90' lang='lat' dir='ltr'>abiret</span> <span class='ocrx_word' id='word_1_211' title='bbox 826 3108 862 3174; x_wconf 91' lang='lat' dir='ltr'>et</span> <span class='ocrx_word' id='word_1_212' title='bbox 887 3108 969 3198; x_wconf 93' lang='lat' dir='ltr'>post</span> <span class='ocrx_word' id='word_1_213' title='bbox 994 3101 1164 3172; x_wconf 90' lang='lat' dir='ltr'>lotionem</span> <span class='ocrx_word' id='word_1_214' title='bbox 1186 3107 1222 3173; x_wconf 88' lang='lat' dir='ltr'>et</span> <span class='ocrx_word' id='word_1_215' title='bbox 1249 3097 1412 3195; x_wconf 87' lang='lat' dir='ltr'>purifica-</span> 
     </span>
     <span class='ocr_line' id='line_1_29' title="bbox 320 3200 1414 3300; baseline -0.003 -25"><span class='ocrx_word' id='word_1_216' title='bbox 320 3205 454 3276; x_wconf 88' lang='lat' dir='ltr'>tionem</span> <span class='ocrx_word' id='word_1_217' title='bbox 481 3205 688 3276; x_wconf 84' lang='lat' dir='ltr'>immutatus</span> <span class='ocrx_word' id='word_1_218' title='bbox 715 3205 860 3297; x_wconf 84' lang='lat' dir='ltr'>rediret,</span> <span class='ocrx_word' id='word_1_219' title='bbox 880 3205 1025 3300; x_wconf 87' lang='lat' dir='ltr'>ejusque</span> <span class='ocrx_word' id='word_1_220' title='bbox 1045 3226 1126 3276; x_wconf 90' lang='lat' dir='ltr'>caro</span> <span class='ocrx_word' id='word_1_221' title='bbox 1145 3210 1186 3274; x_wconf 90' lang='lat' dir='ltr'>ut</span> <span class='ocrx_word' id='word_1_222' title='bbox 1203 3226 1284 3275; x_wconf 88' lang='lat' dir='ltr'>caro</span> <span class='ocrx_word' id='word_1_223' title='bbox 1310 3200 1414 3296; x_wconf 88' lang='lat' dir='ltr'>pueri</span> 
     </span>
     <span class='ocr_line' id='line_1_30' title="bbox 318 3305 1412 3401; baseline -0.004 -23"><span class='ocrx_word' id='word_1_224' title='bbox 318 3307 412 3378; x_wconf 83' lang='lat' dir='ltr'>facta</span> <span class='ocrx_word' id='word_1_225' title='bbox 438 3305 763 3380; x_wconf 63' lang='lat' dir='ltr'>assissinato</span> <span class='ocrx_word' id='word_1_226' title='bbox 790 3315 826 3380; x_wconf 89' lang='lat' dir='ltr'>et</span> <span class='ocrx_word' id='word_1_227' title='bbox 852 3306 979 3398; x_wconf 89' lang='lat' dir='ltr'>Maria,</span> <span class='ocrx_word' id='word_1_228' title='bbox 998 3329 1098 3378; x_wconf 90' lang='lat' dir='ltr'>soror</span> <span class='ocrx_word' id='word_1_229' title='bbox 1125 3305 1274 3401; x_wconf 84' lang='lat' dir='ltr'>Moysis,</span> <span class='ocrx_word' id='word_1_230' title='bbox 1295 3325 1412 3375; x_wconf 91' lang='lat' dir='ltr'>nonne</span> 
     </span>
     <span class='ocr_line' id='line_1_31' title="bbox 319 3405 1413 3504; baseline -0.004 -24"><span class='ocrx_word' id='word_1_231' title='bbox 319 3409 547 3481; x_wconf 86' lang='lat' dir='ltr'>manifestum</span> <span class='ocrx_word' id='word_1_232' title='bbox 566 3407 707 3504; x_wconf 89' lang='lat' dir='ltr'>signum</span> <span class='ocrx_word' id='word_1_233' title='bbox 726 3417 781 3482; x_wconf 88' lang='lat' dir='ltr'>est</span> <span class='ocrx_word' id='word_1_234' title='bbox 806 3409 985 3504; x_wconf 90' lang='lat' dir='ltr'>baptismi,</span> <span class='ocrx_word' id='word_1_235' title='bbox 1004 3409 1067 3504; x_wconf 90' lang='lat' dir='ltr'>qui</span> <span class='ocrx_word' id='word_1_236' title='bbox 1083 3408 1188 3480; x_wconf 90' lang='lat' dir='ltr'>datus</span> <span class='ocrx_word' id='word_1_237' title='bbox 1216 3415 1272 3479; x_wconf 90' lang='lat' dir='ltr'>est</span> <span class='ocrx_word' id='word_1_238' title='bbox 1298 3405 1413 3500; x_wconf 90' lang='lat' dir='ltr'>genti-</span> 
     </span>
     <span class='ocr_line' id='line_1_32' title="bbox 319 3507 1412 3608; baseline -0.004 -24"><span class='ocrx_word' id='word_1_239' title='bbox 319 3511 419 3584; x_wconf 85' lang='lat' dir='ltr'>bus?</span> <span class='ocrx_word' id='word_1_240' title='bbox 449 3513 674 3607; x_wconf 77' lang='lat' dir='ltr'>Hyssopus¹</span> <span class='ocrx_word' id='word_1_241' title='bbox 704 3512 800 3584; x_wconf 90' lang='lat' dir='ltr'>enim</span> <span class='ocrx_word' id='word_1_242' title='bbox 825 3511 1004 3600; x_wconf 89' lang='lat' dir='ltr'>maculosa</span> <span class='ocrx_word' id='word_1_243' title='bbox 1031 3512 1107 3608; x_wconf 82' lang='lat' dir='ltr'>ejus</span> <span class='ocrx_word' id='word_1_244' title='bbox 1134 3511 1257 3583; x_wconf 90' lang='lat' dir='ltr'>ulcera</span> <span class='ocrx_word' id='word_1_245' title='bbox 1290 3507 1412 3606; x_wconf 87' lang='lat' dir='ltr'>purifi-</span> 
     </span>
     <span class='ocr_line' id='line_1_33' title="bbox 321 3611 1413 3707; baseline -0.005 -20"><span class='ocrx_word' id='word_1_246' title='bbox 321 3615 425 3688; x_wconf 90' lang='lat' dir='ltr'>cavit.</span> <span class='ocrx_word' id='word_1_247' title='bbox 453 3616 498 3687; x_wconf 93' lang='lat' dir='ltr'>In</span> <span class='ocrx_word' id='word_1_248' title='bbox 515 3615 583 3688; x_wconf 91' lang='lat' dir='ltr'>hoo</span> <span class='ocrx_word' id='word_1_249' title='bbox 600 3615 765 3688; x_wconf 91' lang='lat' dir='ltr'>mirabile</span> <span class='ocrx_word' id='word_1_250' title='bbox 783 3622 849 3707; x_wconf 88' lang='lat' dir='ltr'>est,</span> <span class='ocrx_word' id='word_1_251' title='bbox 879 3615 1042 3687; x_wconf 86' lang='lat' dir='ltr'>Naaman</span> <span class='ocrx_word' id='word_1_252' title='bbox 1069 3614 1264 3687; x_wconf 87' lang='lat' dir='ltr'>credidisse</span> <span class='ocrx_word' id='word_1_253' title='bbox 1286 3619 1323 3684; x_wconf 88' lang='lat' dir='ltr'>et</span> <span class='ocrx_word' id='word_1_254' title='bbox 1347 3611 1413 3683; x_wconf 90' lang='lat' dir='ltr'>hu·</span> 
     </span>
     <span class='ocr_line' id='line_1_34' title="bbox 320 3715 1412 3811; baseline -0.005 -21"><span class='ocrx_word' id='word_1_255' title='bbox 320 3742 418 3790; x_wconf 92' lang='lat' dir='ltr'>mum</span> <span class='ocrx_word' id='word_1_256' title='bbox 437 3718 481 3790; x_wconf 93' lang='lat' dir='ltr'>de</span> <span class='ocrx_word' id='word_1_257' title='bbox 499 3725 595 3790; x_wconf 88' lang='lat' dir='ltr'>terra</span> <span class='ocrx_word' id='word_1_258' title='bbox 612 3717 858 3791; x_wconf 86' lang='lat' dir='ltr'>Israelitarum</span> <span class='ocrx_word' id='word_1_259' title='bbox 877 3739 996 3790; x_wconf 91' lang='lat' dir='ltr'>secum</span> <span class='ocrx_word' id='word_1_260' title='bbox 1013 3717 1152 3811; x_wconf 88' lang='lat' dir='ltr'>tulisse,</span> <span class='ocrx_word' id='word_1_261' title='bbox 1177 3715 1412 3788; x_wconf 85' lang='lat' dir='ltr'>Nicodemum</span> 
     </span>
     <span class='ocr_line' id='line_1_35' title="bbox 320 3810 1411 3916; baseline -0.005 -24"><span class='ocrx_word' id='word_1_262' title='bbox 320 3827 440 3894; x_wconf 89' lang='lat' dir='ltr'>autern</span> <span class='ocrx_word' id='word_1_263' title='bbox 458 3844 503 3892; x_wconf 88' lang='lat' dir='ltr'>ex</span> <span class='ocrx_word' id='word_1_264' title='bbox 521 3819 674 3893; x_wconf 91' lang='lat' dir='ltr'>Domino</span> <span class='ocrx_word' id='word_1_265' title='bbox 695 3810 863 3894; x_wconf 88' lang='lat' dir='ltr'>coelestia</span> <span class='ocrx_word' id='word_1_266' title='bbox 889 3821 1096 3916; x_wconf 88' lang='lat' dir='ltr'>quaesiisse,</span> <span class='ocrx_word' id='word_1_267' title='bbox 1114 3841 1224 3915; x_wconf 91' lang='lat' dir='ltr'>quare</span> <span class='ocrx_word' id='word_1_268' title='bbox 1253 3815 1411 3889; x_wconf 83' lang='lat' dir='ltr'>audivit:</span> 
     </span>
     <span class='ocr_line' id='line_1_36' title="bbox 236 3919 1412 4020; baseline -0.004 -25"><span class='ocrx_word' id='word_1_269' title='bbox 236 3945 241 3966; x_wconf 72' lang='lat'>¹</span> <span class='ocrx_word' id='word_1_270' title='bbox 323 3922 372 3995; x_wconf 85' lang='lat' dir='ltr'>Si</span> <span class='ocrx_word' id='word_1_271' title='bbox 410 3931 607 3996; x_wconf 89' lang='lat' dir='ltr'>terrena</span> <span class='ocrx_word' id='word_1_272' title='bbox 634 3923 899 3998; x_wconf 83' lang='lat' dir='ltr'>dixivobis</span> <span class='ocrx_word' id='word_1_273' title='bbox 927 3928 1086 3994; x_wconf 91' lang='lat' dir='ltr'>etnon</span> <span class='ocrx_word' id='word_1_274' title='bbox 1126 3919 1412 4020; x_wconf 26' lang='lat' dir='ltr'>creditis„si</span> 
     </span>
     <span class='ocr_line' id='line_1_37' title="bbox 322 4019 1410 4121; baseline -0.004 -27"><span class='ocrx_word' id='word_1_275' title='bbox 322 4023 375 4096; x_wconf 93' lang='lat' dir='ltr'>de</span> <span class='ocrx_word' id='word_1_276' title='bbox 402 4025 532 4099; x_wconf 90' lang='lat' dir='ltr'>coelo</span> <span class='ocrx_word' id='word_1_277' title='bbox 560 4025 709 4100; x_wconf 91' lang='lat' dir='ltr'>dicam</span> <span class='ocrx_word' id='word_1_278' title='bbox 735 4025 883 4119; x_wconf 89' lang='lat' dir='ltr'>vobis,</span> <span class='ocrx_word' id='word_1_279' title='bbox 909 4025 1136 4121; x_wconf 91' lang='lat' dir='ltr'>quomodo</span> <span class='ocrx_word' id='word_1_280' title='bbox 1167 4019 1410 4098; x_wconf 83' lang='lat' dir='ltr'>credetis?</span> 
     </span>
    </p>
   </div>
   <div class='ocr_carea' id='block_1_6' title="bbox 321 4285 1410 4448">
    <p class='ocr_par' dir='ltr' id='par_1_8' title="bbox 321 4285 1410 4448">
     <span class='ocr_line' id='line_1_38' title="bbox 404 4285 1410 4367; baseline 0.002 -25"><span class='ocrx_word' id='word_1_281' title='bbox 404 4287 430 4342; x_wconf 93' lang='lat'>1.</span> <span class='ocrx_word' id='word_1_282' title='bbox 449 4285 500 4344; x_wconf 88' lang='lat' dir='ltr'>Ita</span> <span class='ocrx_word' id='word_1_283' title='bbox 512 4285 543 4342; x_wconf 91' lang='lat' dir='ltr'>in</span> <span class='ocrx_word' id='word_1_284' title='bbox 557 4286 626 4344; x_wconf 87' lang='lat' dir='ltr'>cod.</span> <span class='ocrx_word' id='word_1_285' title='bbox 641 4288 676 4344; x_wconf 91' lang='grc' dir='ltr'>Β.</span> <span class='ocrx_word' id='word_1_286' title='bbox 691 4287 753 4346; x_wconf 83' lang='lat' dir='ltr'>Sub</span> <span class='ocrx_word' id='word_1_287' title='bbox 767 4291 902 4367; x_wconf 87' lang='lat' dir='ltr'>hyssopo</span> <span class='ocrx_word' id='word_1_288' title='bbox 917 4290 945 4348; x_wconf 91' lang='lat' dir='ltr'>h.</span> <span class='ocrx_word' id='word_1_289' title='bbox 960 4291 980 4348; x_wconf 90' lang='lat' dir='ltr'>l.</span> <span class='ocrx_word' id='word_1_290' title='bbox 994 4289 1176 4363; x_wconf 83' lang='lat' dir='ltr'>intelligitur</span> <span class='ocrx_word' id='word_1_291' title='bbox 1196 4285 1334 4364; x_wconf 87' lang='lat' dir='ltr'>aspersio</span> <span class='ocrx_word' id='word_1_292' title='bbox 1354 4302 1410 4363; x_wconf 87' lang='lat' dir='ltr'>per</span> 
     </span>
     <span class='ocr_line' id='line_1_39' title="bbox 321 4363 1310 4448; baseline -0.001 -23"><span class='ocrx_word' id='word_1_293' title='bbox 321 4363 499 4442; x_wconf 83' lang='lat' dir='ltr'>hyssopum,</span> <span class='ocrx_word' id='word_1_294' title='bbox 514 4381 592 4442; x_wconf 87' lang='lat' dir='ltr'>quae</span> <span class='ocrx_word' id='word_1_295' title='bbox 607 4365 780 4444; x_wconf 87' lang='lat' dir='ltr'>symbolum</span> <span class='ocrx_word' id='word_1_296' title='bbox 795 4372 862 4430; x_wconf 89' lang='lat' dir='ltr'>erat</span> <span class='ocrx_word' id='word_1_297' title='bbox 875 4368 1019 4448; x_wconf 87' lang='lat' dir='ltr'>baptismi</span> <span class='ocrx_word' id='word_1_298' title='bbox 1031 4369 1105 4428; x_wconf 81' lang='lat' dir='ltr'>nori</span> <span class='ocrx_word' id='word_1_299' title='bbox 1119 4365 1310 4430; x_wconf 85' lang='lat' dir='ltr'>testamenti.</span> 
     </span>
    </p>
   </div>
   <div class='ocr_carea' id='block_1_7' title="bbox 0 0 1651 5028">
    <p class='ocr_par' dir='ltr' id='par_1_9' title="bbox 0 0 1651 5028">
     <span class='ocr_line' id='line_1_40' title="bbox 0 0 1651 5028; baseline 0 0"><span class='ocrx_word' id='word_1_300' title='bbox 0 0 1651 5028; x_wconf 95' lang='lat' dir='ltr'> </span> 
     </span>
    </p>
   </div>
  </div>
 </body>
</html>
