3260 5020
1221 347 1295 418 255

205 479 261 544 tae
278 473 302 564 ⁴,
322 473 378 544 oui
398 473 496 546 nasci
518 471 710 544 secundum
729 495 872 544 earnem
890 473 1052 547 naturale
1071 479 1167 564 erat„
1180 473 1295 566 Nullo
1406 499 1412 512 ,

205 577 299 648 enim
316 575 387 647 alio
404 576 508 648 modo
526 573 655 670 aliquis
683 575 728 646 ad
755 575 946 646 humanam
963 577 1187 650 nativitatem
1213 599 1296 672 per·

203 677 326 750 venire
344 685 472 774 potest,
491 677 562 750 nisi
583 676 717 748 eisdem
743 677 875 749 nostris
901 680 1072 753 membris
1100 679 1296 752 conforma-

203 787 274 874 tus,
287 803 353 853 neo
366 780 446 876 quis
457 789 606 854 mortem
617 779 740 852 subire
753 787 882 876 potest,
895 781 1021 854 nisiex
1035 783 1169 854 eisdem
1184 804 1295 853 mem-

203 883 278 955 bris
293 883 508 978 compositus
527 882 584 954 sit.
599 881 774 955 Dominus
791 882 902 976 igitur
921 905 967 956 ex
985 885 1109 957 ordine
1127 906 1255 980 corpus
1273 907 1298 956 a

203 992 307 1080 porta
324 985 417 1057 uteri
434 1007 547 1080 usque
568 985 613 1070 ad
632 991 772 1079 portam
792 985 947 1081 sepulcri
965 985 1124 1060 adduxit.
1141 985 1298 1080 Aperuit

203 1087 389 1160 nativitate
404 1111 468 1159 sua
484 1095 626 1160 uterum
644 1086 803 1159 clausurn
821 1095 856 1158 et
875 1089 1016 1184 aperuit
1033 1087 1295 1162 resurreetione

205 1212 270 1262 sua
287 1189 489 1284 sepulcrum
508 1187 762 1262 circumdatum
783 1195 819 1261 et
836 1191 1031 1264 obsessum.
1059 1190 1211 1263 Crucem
1231 1211 1294 1262 ve·

203 1315 244 1364 ro
262 1292 415 1364 mediam
433 1293 560 1386 erexit,
578 1291 681 1364 utils
699 1293 759 1386 qui
778 1315 825 1363 ex
842 1299 945 1365 utero
962 1299 1113 1366 mortem
1141 1291 1296 1366 subituri

205 1401 412 1486 nascuntur,
439 1395 593 1491 primum
621 1417 710 1465 crux
730 1400 909 1488 tamquam
935 1397 1040 1469 arbor
1066 1395 1160 1468 vitae
1191 1394 1299 1468 obvia

204 1496 317 1590 fieret,
337 1497 436 1593 cujus
465 1497 618 1568 fructum
640 1496 677 1569 in
694 1497 902 1592 corporibus
930 1499 1004 1570 suis
1031 1495 1241 1592 colligerent
1259 1507 1297 1569 et

206 1599 482 1689 accumularent,
500 1606 541 1670 ut
558 1598 700 1694 quando
716 1622 812 1670 mors
831 1621 891 1670 eos
909 1615 1033 1672 omnes
1050 1600 1088 1671 in
1112 1620 1175 1672 suo
1192 1607 1297 1672 utero

206 1701 403 1797 collegerit,
424 1702 529 1775 hunc·
546 1701 750 1774 scinderent
768 1707 803 1772 et
825 1701 869 1802 de
891 1703 1008 1774 medio
1041 1703 1117 1798 ejus
1144 1701 1297 1776 exirent.

206 1804 251 1877 In
267 1803 380 1877 morte
398 1805 517 1900 itaque
535 1804 635 1876 Deus
653 1804 748 1899 apud
776 1801 960 1878 Christum
986 1828 1059 1876 non
1084 1810 1162 1877 erat
1174 1802 1202 1896 ²,
1224 1825 1298 1882 non

207 1907 292 2002 qnia
322 1913 425 1979 extra
457 1930 538 1979 eum
568 1928 647 1979 esse
677 1905 802 2000 voluit,
834 1907 897 1978 sed
923 1931 1018 1981 mors
1053 1929 1126 1979 non
1155 1911 1302 2002 poterat

208 2009 306 2083 adire
338 2008 465 2099 locum,
484 2009 545 2083 ubi
570 2009 645 2082 vita
676 2017 765 2100 erat,
792 2031 883 2105 quae
913 2017 1062 2083 mortem
1093 2007 1232 2081 occidit.
1250 2009 1297 2082 In

204 2111 391 2184 nativitato
409 2119 528 2183 autem
546 2111 644 2183 Deus
663 2134 742 2184 oum
762 2109 907 2185 Christo
926 2119 1002 2184 erat
1015 2111 1043 2205 ⁵,
1061 2112 1154 2208 quia
1165 2109 1296 2183 nativi·

206 2221 260 2287 tas
279 2237 301 2285 a
318 2214 503 2287 divinitate
522 2238 594 2286 non
613 2221 670 2286 est
686 2214 812 2287 aliena.
831 2213 1011 2288 Nativitas
1041 2215 1135 2286 enim
1153 2213 1295 2286 initium

206 2325 261 2390 est
278 2339 397 2390 rerum
417 2316 647 2389 existentium
667 2323 702 2389 et
721 2339 843 2389 omnes
861 2339 919 2390 res
938 2317 1134 2390 existentes
1152 2315 1298 2412 conjun-

207 2421 260 2516 git
277 2426 313 2490 et
331 2442 410 2490 curn
429 2420 520 2514 ipsa,
548 2420 616 2492 etsi
640 2421 704 2492 ¹res
735 2419 782 2492 sit
812 2427 942 2513 creata,
958 2418 1103 2494 virtusl
1122 2417 1295 2498 creatoris

165 2562 166 2565 ¹
205 2521 406 2618 participat.
424 2521 524 2594 Mors
541 2545 626 2595 vero
645 2521 773 2617 plenus
791 2521 958 2594 interitus
977 2528 1032 2594 est
1060 2544 1182 2594 eorum
1205 2545 1298 2616 quae

206 2631 300 2718 sunt,
326 2647 504 2720 quumque
521 2624 620 2698 Deus
647 2624 803 2697 essentia
830 2624 887 2717 sit,
913 2649 1003 2720 quae
1034 2649 1105 2697 non
1133 2623 1299 2698 dissolvi·

204 2733 274 2821 tur,
293 2727 372 2799 ideo
403 2727 509 2800 morti
540 2725 731 2800 subditus¹⁵
750 2749 830 2800 esse
851 2729 984 2824 nequit.
1016 2727 1099 2799 Non
1127 2725 1222 2797 enim
1251 2726 1296 2797 ad

205 2853 269 2904 nos
287 2829 398 2922 venit,
424 2835 464 2900 ut
490 2829 625 2925 aliquid
653 2828 808 2902 disceret
836 2830 899 2900 sed
916 2837 957 2902 ut
984 2852 1049 2902 sua
1074 2826 1299 2924 plenitudine

206 2931 243 3004 id
260 2933 355 3029 quod
372 2931 474 3006 nobis
492 2932 688 3025 deficiebat,
707 2932 911 3026 compleret.

311 3029 570 3130 Porro'oorpns
589 3059 636 3108 ex
654 3059 718 3108 sua
743 3040 872 3107 natura
896 3056 1025 3131 passus
1044 3039 1099 3104 est
1119 3055 1192 3104 una
1217 3054 1297 3103 curn

107 3165 110 3170 ⁴
207 3136 326 3210 anima
343 3137 494 3232 patibili,
521 3138 606 3233 quia
631 3137 750 3211 anima
776 3143 843 3228 ost,
871 3159 962 3234 quae
995 3135 1103 3206 sentit
1129 3133 1298 3208 dolorem.

206 3239 304 3335 Ergo
322 3247 451 3313 natura
468 3241 543 3336 ejus
560 3241 715 3312 humana
732 3245 879 3334 propter
897 3263 1026 3336 eorpus
1044 3261 1152 3334 passa
1178 3243 1244 3329 est,
1263 3246 1301 3312 et

207 3343 348 3416 dolores
376 3343 488 3414 sensit
513 3348 659 3436 propter
684 3342 848 3416 animam.
870 3365 884 3400 s
907 3341 1074 3437 Spiritus,
1101 3341 1161 3433 ait,
1178 3340 1301 3418 veniet

208 3451 244 3516 et
262 3445 376 3518 virtus
394 3445 617 3518 obumbrabit
634 3484 661 3518 a
689 3445 792 3516 Idem
810 3466 937 3542 corpus
954 3444 1063 3517 vitale
1091 3443 1221 3517 lactum
1245 3453 1302 3518 est

169 3597 171 3601 -
209 3547 314 3643 panis
334 3553 369 3618 et
387 3545 486 3620 cibus
505 3547 675 3622 fidelium.
697 3569 712 3604 s
731 3545 899 3643 Spiritus,
915 3545 977 3640 ait,
995 3546 1115 3619 veniet
1133 3553 1169 3618 et
1184 3544 1301 3620 virtus

225 3709 248 3753 Ὀ

227 3813 230 3818 .
291 3767 316 3820 1.
339 3763 387 3820 Ad
402 3761 550 3822 verbum:
568 3762 754 3822 “nativitate
769 3763 897 3819 naturae
914 3759 1119 3836 desponsatae
1134 3792 1160 3822 n.

228 3913 231 3916 Ι
288 3841 315 3896 2.
338 3841 443 3898 Verba
456 3841 581 3898 Aucher
595 3843 638 3900 sie
652 3840 773 3898 reddit:
793 3854 805 3884 a
818 3839 852 3894 In
868 3843 965 3897 morte
977 3839 1081 3914 itaque
1092 3838 1142 3894 ille
1156 3855 1217 3896 non
1231 3841 1299 3896 erat

209 3918 276 3992 ipso
292 3936 359 3974 oum
372 3934 409 3976 eo
423 3949 448 3976 s.
464 3920 578 3978 Sensus
593 3925 658 3976 est:
673 3917 826 3976 Divinitas
836 3915 949 3977 visibili
963 3915 1147 3976 efficacitate
1159 3935 1221 3976 non
1233 3921 1302 3976 erat

211 3996 461 4072 apudOhristum
475 3998 665 4056 morientem.

266 4076 316 4210 t3.
337 4073 444 4132 Verba
456 4075 581 4134 Ancher
597 4075 640 4132 sio
653 4074 766 4138 vertit:
781 4073 818 4130 In
838 4071 1001 4132 nativitate
1027 4077 1129 4132 autem
1155 4089 1223 4132 oum
1247 4071 1310 4130 illo¹

208 4165 289 4210 'era-

289 4231 317 4287 4.
339 4229 389 4288 Ita
401 4229 436 4287 in
451 4229 518 4290 cod.
526 4232 561 4290 B.
576 4231 613 4289 In
628 4230 695 4292 eod.
706 4230 734 4288 A
744 4229 822 4290 falso
838 4227 886 4287 est
900 4228 1021 4289 dativus
1032 4245 1088 4306 pro
1102 4227 1300 4289 nominativo.

289 4307 317 4442 bt.
337 4307 443 4368 Verba
453 4311 545 4386 juxta
558 4311 684 4372 Aucher
696 4309 773 4368 haee
788 4311 878 4368 sunt:
897 4308 998 4367 “Ideo
1020 4307 1216 4370 mortificatio
1231 4321 1302 4365 esso

209 4401 303 4460 nequr
330 4413 355 4448 „.
