3256 5012
1191 344 1294 418 '221
1395 341 1396 344 ’

219 478 282 574 vit,
299 477 393 576 quia,
411 479 495 554 dum
512 479 667 554 charitas
682 480 719 552 in
738 479 817 552 sinu
835 478 977 554 Domini
1005 499 1128 550 secura
1147 479 1297 575 jacebat,
1398 473 1401 492 '

220 582 324 658 timor
343 583 485 682 saepius
504 583 537 656 ei
555 585 687 657 annuit.

321 687 433 761 Sicuti
458 711 581 761 verum
608 695 644 760 et
677 693 812 759 certum
838 693 912 778 est,
948 685 1158 776 Dominum,
1189 708 1304 782 quum

111 791 144 806 “
219 789 403 887 discipulis
430 791 504 866 suis
533 814 662 889 panem
687 789 799 886 daret,
824 789 1033 887 mysterium
1059 787 1216 890 corporis
1243 789 1299 861 sui

218 895 271 967 eis
289 893 441 990 dedisse,
458 894 510 967 ita
527 918 666 992 quoque
693 893 908 968 credendum
930 900 995 988 est,
1012 915 1035 967 a
1059 891 1211 966 Domino
1237 915 1299 989 pa·

217 1019 310 1092 nem,
329 1021 392 1071 suo
410 997 557 1072 occisori
574 999 706 1094 datum,
724 997 762 1070 in
778 998 988 1094 mysterium
1013 995 1196 1070 occisionis
1222 1017 1298 1069 cor·

217 1101 314 1198 poris
331 1103 388 1175 sui
404 1102 571 1176 traditum
592 1125 681 1176 esse.
708 1101 756 1176 Et
773 1101 920 1175 intinxit
937 1123 1029 1195 eum,
1046 1107 1086 1175 ut
1113 1101 1163 1174 sic
1188 1099 1298 1196 parti-

216 1205 428 1304 cipationem
453 1206 627 1280 indicaret
653 1205 770 1280 caedis
798 1229 882 1278 suae
907 1205 1012 1304 plene
1040 1211 1210 1303 patratae,
1228 1225 1298 1300 qua

217 1331 345 1406 corpus
377 1309 550 1406 sanguine
579 1309 692 1408 ipsius
723 1309 912 1384 intinctum
941 1315 1005 1382 est.
1037 1310 1113 1384 Aut
1143 1309 1222 1382 ideo
1243 1306 1296 1380 in-

216 1411 326 1486 tinxit
342 1437 481 1510 panem,
499 1437 544 1487 ne
563 1437 641 1486 cum
658 1437 750 1512 pane
777 1412 883 1486 etiam
908 1419 1158 1486 testamentum
1186 1409 1297 1484 daret.

214 1515 366 1591 Lavavit
384 1519 483 1615 prius
504 1541 633 1615 panem
651 1525 687 1590 et
704 1525 789 1590 tunc
805 1514 908 1590 illum
934 1516 968 1588 ei
993 1517 1104 1590 dedit..
1122 1515 1297 1590 Ablutum

217 1625 272 1693 est
291 1621 420 1695 abhoc
444 1645 535 1720 pane
561 1621 662 1719 prius
688 1627 951 1711 testamentum,
978 1619 1061 1718 quia
1083 1644 1148 1718 per
1167 1641 1296 1694 novum

216 1730 468 1798 testamentum
485 1729 719 1822 praeparatus
737 1733 822 1798 erat.
849 1723 1012 1800 Avaritia
1027 1725 1155 1798 Judam
1175 1747 1196 1798 a
1215 1745 1296 1824 per-

216 1827 317 1902 fectis
334 1829 503 1904 membris
520 1828 663 1902 Domini
681 1835 920 1927 separaverat,
933 1833 973 1900 ut
986 1834 1022 1900 et
1040 1828 1203 1907 Salvator
1219 1827 1296 1926 pla-

218 1931 295 2004 cide
323 1931 451 2027 docuit,
470 1957 551 2006 eum
576 1955 647 2006 non
673 1931 716 2004 de
743 1933 887 2030 corpore
914 1955 998 2005 suae
1025 1932 1207 2026 ecclesiae,
1234 1929 1298 2004 sed

103 2047 106 2051 “
216 2035 400 2132 pulverem
418 2059 508 2131 esse,
526 2036 586 2133 qui
612 2035 762 2134 pedibus
789 2035 1042 2134 discipulorum
1069 2059 1212 2109 suorum
1237 2033 1298 2108 ad-

217 2138 342 2212 haesit.
362 2139 529 2237 Ideoque,
542 2163 613 2236 qua
629 2147 731 2213 noete
760 2139 862 2216 illum
880 2139 995 2213 abhis
1013 2141 1210 2236 separabat,
1225 2161 1300 2212 sor-

215 2243 279 2316 des
297 2243 447 2340 pedibus
466 2267 587 2318 eorum
604 2244 839 2318 adhaerentes
856 2239 979 2337 abluit,
997 2250 1038 2316 ut
1055 2267 1127 2316 nos
1144 2243 1297 2334 doceret,

212 2347 355 2441 Judam,
374 2347 446 2446 qui,
463 2371 533 2445 qua
549 2347 697 2420 ultimus
716 2370 762 2420 ex
779 2346 963 2422 duodecim
981 2347 1176 2444 Apostolis,
1193 2345 1296 2442 quasi

214 2475 278 2548 pes
305 2451 461 2550 corporis
487 2451 686 2544 videbatur,
713 2475 734 2523 a
760 2442 911 2548 pedibus
942 2451 1195 2549 Apostolorum
1220 2457 1298 2524 tan·

215 2579 323 2650 quam
340 2556 480 2628 sordem
498 2555 574 2651 igni
593 2555 804 2644 destinatam
822 2581 844 2630 a
862 2580 900 2630 se
918 2579 1010 2652 aqua
1031 2554 1191 2628 ablutum
1208 2578 1297 2630 esse.
1343 2565 1345 2571 ’

186 2717 188 2726 .
214 2657 351 2731 Eodem
367 2658 472 2730 modo
498 2659 672 2732 Dominus
689 2659 820 2734 Judam
845 2684 910 2759 per
927 2681 1054 2757 aquam
1072 2683 1093 2732 a
1114 2657 1297 2756 discipulis

212 2761 402 2860 separavit,
420 2784 529 2856 quum
547 2785 676 2858 panem
701 2786 793 2859 aqua
818 2763 1005 2839 intinctum
1032 2761 1066 2834 ei
1083 2764 1195 2856 daret,
1212 2762 1297 2859 quia

212 2888 284 2941 non
303 2871 379 2938 erat
397 2865 526 2960 dignus
543 2864 641 2937 illius
658 2867 773 2962 panis,
790 2868 852 2965 qui
869 2891 941 2940 una
957 2891 1035 2940 cum
1056 2867 1140 2940 rino
1163 2866 1295 2940 duode-

213 2969 281 3042 cim
311 2966 495 3066 Apostolis
527 2969 688 3042 dabatur.
719 2969 801 3043 Non
829 2971 923 3043 enim
949 2971 1089 3063 licebat,
1106 2973 1147 3042 ut
1172 2968 1203 3042 is
1234 2970 1296 3066 qui

213 3096 294 3146 eum
312 3073 475 3147 tradebat
492 3071 530 3144 in
546 3079 707 3166 mortem,
725 3097 790 3169 per
803 3097 931 3172 panem
948 3073 1124 3171 acciperet
1141 3073 1221 3146 eum
1234 3074 1296 3170 qui

215 3177 368 3252 salvata
386 3182 510 3250 morte.

248 3341 249 3344 ,
316 3281 374 3354 Ex
391 3279 454 3354 illo
467 3283 655 3376 momento,
674 3302 742 3376 quo
756 3278 939 3379 discipulis
955 3281 1028 3356 suis
1047 3303 1174 3378 corpus
1193 3304 1295 3354 suum

212 3381 330 3478 fregit,
353 3391 389 3456 et
418 3407 546 3482 corpus
577 3405 679 3456 suum
710 3384 895 3481 Apostolis
926 3386 1035 3480 dedit,
1064 3393 1295 3459 numerantur

213 3493 287 3560 tres
302 3486 377 3560 dies
396 3489 482 3584 ejus,
497 3487 625 3585 quibus
645 3509 725 3561 cum
741 3489 891 3564 mortuis
912 3493 1189 3588 computabatur,
1202 3495 1243 3563 ut
1259 3495 1297 3562 et

214 3589 342 3680 Adam,
356 3591 427 3686 qui,
440 3599 627 3688 postquam
641 3591 685 3666 dc
702 3591 767 3664 illa
780 3595 905 3668 arbore
923 3593 1086 3689 comedit,
1098 3591 1220 3668 multis
1233 3615 1297 3666 an-

211 3693 270 3767 nis
296 3693 402 3788 vixit,
429 3695 589 3790 quamvis
615 3702 761 3794 propter
791 3697 948 3771 mandati
977 3697 1296 3794 transgressionem

162 3824 166 3834 ¹
213 3799 363 3874 mortuis
389 3806 692 3894 annumeraretur,
720 3799 804 3897 quia
827 3801 926 3875 Deus
956 3800 1007 3875 ita
1033 3800 1145 3874 dixit:
1176 3821 1191 3858 a
1217 3800 1297 3888 Quo

213 3901 273 3975 die
304 3901 511 3995 comederis,
535 3903 729 3980 morieris„
748 3902 786 3999 ¹3
817 3910 853 3978 et
883 3913 923 3978 ut
952 3905 1064 3980 illud:
1087 3903 1294 3995 “Quadrin-

214 4005 333 4102 gentis
351 4005 453 4080 annis
471 4005 519 4080 sit
536 4029 658 4080 semen
684 4017 785 4082 tuum
811 4007 850 4080 in
865 4011 1032 4108 Aegypto
1049 4047 1064 4086 a
1079 4008 1118 4106 ’ς
1144 4028 1226 4082 nam
1248 4032 1294 4082 ex

215 4109 279 4185 illo
297 4111 366 4206 die,
378 4131 449 4208 quo
465 4110 533 4186 hoc
550 4111 698 4186 verbum
715 4113 908 4214 dicebatur,
926 4114 1010 4190 anni
1026 4113 1086 4190 isti
1100 4112 1295 4216 computati

293 4362 319 4418 1.
340 4359 415 4419 Gur.
430 4361 458 4433 2,
475 4361 521 4418 15.

290 4439 318 4496 2.
340 4439 414 4499 Gan.
431 4440 476 4518 15,
493 4443 537 4500 13.
