3218 5026
1236 330 1280 402 37

196 461 298 540 Exiit
309 461 462 537 Ioannes
475 459 514 533 in
526 460 716 554 desertum,
729 483 801 531 non
813 464 853 532 ut
866 457 916 533 ibi
927 458 1029 533 ferox
1042 458 1154 555 fieret,
1167 459 1231 534 sed
1241 466 1284 534 ut

195 570 236 642 in
252 569 394 642 deserto
411 564 578 638 ferociam
603 572 719 638 terrae
741 563 919 640 habitatae
938 564 1107 658 domaret,
1133 565 1217 664 quia
1241 563 1285 638 li-

181 673 282 748 “bido
299 673 337 744 in
355 677 452 742 terra
467 667 626 744 habitata
642 676 678 741 et
696 667 817 766 quieta
846 674 886 740 ut
901 667 1002 742 ferox
1019 667 1134 742 bestia
1167 669 1286 742 omnia

196 777 406 875 perturbat,
437 797 545 870 quum
571 781 690 846 autem
717 771 793 844 exit
818 771 856 844 in
882 771 1073 866 desertum,
1100 772 1220 868 quieta
1244 773 1286 846 fit

196 889 235 953 et
250 877 444 975 tranquilla
458 877 483 949 ¹.
510 877 565 949 De
593 899 662 974 quo
679 876 745 950 tibi
761 875 872 951 libido
889 876 1044 949 Herodis
1070 876 1287 973 persuadere

198 990 327 1082 potest,
346 981 408 1078 qui
433 981 585 1054 interra
609 980 766 1054 habitata
784 986 820 1051 et
836 980 875 1052 in
901 979 1019 1076 quiete
1045 979 1147 1054 ferox
1163 979 1202 1052 in
1217 980 1289 1054 ira-

197 1088 264 1162 tris
283 1087 357 1160 suis
374 1108 524 1161 uxorem
541 1083 720 1181 illegitimi
745 1084 875 1158 amoris
892 1083 1012 1157 furore
1029 1086 1212 1179 agebatur,
1237 1084 1290 1158 ita

196 1199 239 1264 ut
255 1191 377 1264 mitem
404 1196 440 1261 et
466 1189 621 1264 sobrium
638 1189 808 1262 Ioannem
825 1188 1002 1285 perderet,
1027 1186 1089 1284 qui
1115 1188 1233 1284 quiete
1250 1188 1289 1262 in

197 1297 341 1368 deserto
368 1294 520 1388 degebat
546 1299 582 1365 et
607 1315 652 1366 ne
678 1291 900 1364 matrimonio
925 1293 1080 1388 quidem,
1106 1292 1201 1390 qnod
1226 1291 1289 1366 lex

197 1399 437 1497 permittebat,
472 1397 618 1494 junctus
652 1401 739 1468 orat.
775 1397 832 1468 Et
864 1398 1056 1470 verbum
1091 1417 1198 1468 caro
1227 1395 1289 1470 fa·

199 1510 322 1576 ctum
340 1508 411 1574 ast
437 1507 482 1574 et
505 1498 983 1574 habitavitinnobis²
1001 1498 1286 1597 (Ioa.l,14)i.e.

198 1607 360 1681 Verbum
386 1604 455 1678 Dei
472 1627 536 1701 per
554 1626 706 1698 carnem,
731 1627 838 1700 quam
863 1603 1065 1700 assumpsit,
1090 1602 1291 1677 habitatin

198 1711 312 1786 nobis.
335 1708 406 1782 Sed
422 1733 494 1782 non
511 1707 604 1781 dixit
633 1729 648 1766 α
666 1708 760 1803 apud
776 1729 841 1778 nos
858 1745 887 1802 a,
914 1707 977 1780 sed
997 1731 1012 1764 e
1029 1707 1068 1780 in
1084 1706 1185 1782 nobis
1202 1747 1232 1802 a,
1249 1713 1291 1780 ut

199 1814 415 1906 ostenderet,
441 1809 536 1909 quod
560 1834 702 1884 carnem
726 1817 884 1884 nostram
910 1817 1055 1909 propter
1081 1834 1146 1884 nos
1162 1810 1290 1906 induit,

201 1919 295 1992 siout
314 1916 422 1989 dixit:
444 1937 459 1973 e
477 1937 558 1988 caro
575 1939 655 1988 mea
671 1914 770 1988 cibus
782 1913 832 1988 ⁵22.

307 2018 1041 2094 MiseruntIudaeiadloannem
1060 2016 1291 2092 otdiount

203 2125 255 2198 ei:
276 2123 465 2220 Tuquis
493 2122 573 2198 es?
594 2122 689 2196 Ille
717 2123 969 2196 confessus
990 2129 1074 2216 est,
1102 2122 1289 2196 dicens:

201 2229 306 2302 Non
329 2226 683 2302 sumGhristus.
703 2226 1116 2300 Dicuntei:Elias
1137 2249 1184 2299 es
1211 2226 1291 2300 tu?

202 2333 359 2408 Dicit:
395 2331 497 2406 Non
531 2331 623 2428 (Ion.
653 2331 851 2425 1,1s-28).
888 2330 960 2404 Sed
987 2354 1080 2426 ecco,
1115 2329 1292 2406 Dominus

202 2439 324 2512 Eliam
344 2461 425 2510 eum
443 2435 596 2529 vocavit,
616 2435 708 2508 sicut
727 2435 914 2532 Scriptura
931 2443 1084 2510 testatur
1100 2459 1108 2530 3
1127 2441 1163 2508 et
1181 2458 1293 2530 quan·
1318 2497 1322 2506 .

203 2544 250 2616 do
269 2544 541 2636 interrogarunt
559 2563 652 2634 eum,
680 2539 792 2612 dixit:
823 2540 940 2614 “Non
961 2565 1040 2614 sum
1058 2562 1125 2636 ego
1151 2539 1292 2616 Elissa.

203 2648 258 2721 At
276 2641 464 2743 Scriptura
480 2668 553 2718 non
571 2643 676 2738 dixit,
699 2645 738 2717 in
762 2645 877 2717 forma
894 2645 1053 2742 corporis
1072 2643 1175 2718 Elias
1186 2644 1294 2718 Ioan-

202 2775 287 2824 nem
306 2750 461 2843 venisse,
481 2750 545 2822 sed
563 2749 697 2822 virtute
716 2755 753 2820 et
771 2748 902 2845 spiritu
919 2749 1034 2824 Eliae.
1061 2748 1146 2822 Non
1164 2747 1227 2822 ille
1245 2749 1294 2822 Ε-

202 2855 286 2949 lias,
305 2855 367 2952 qui
385 2854 547 2928 elevatus
567 2860 634 2946 est,
648 2852 749 2927 venit
762 2853 808 2925 ad
822 2877 896 2945 eos,
910 2853 1207 2950 quemadmodum
1225 2877 1293 2926 nec

202 2959 325 3034 Dauid
343 2959 422 3056 ipse
440 2981 507 3032 rex
525 2981 648 3032 eorum
665 2958 781 3030 factus
800 2948 866 3050 est,
886 2958 949 3030 sed
964 2954 1198 3031 Zorobabel't
1212 2957 1293 3030 Nec

204 3064 396 3139 Pharisaei
407 3063 580 3137 Ioannem
594 3061 924 3156 interrogaverunt:
938 3059 1036 3134 Num
1051 3060 1181 3158 spiritu
1188 3060 1294 3136 Elias

186 3169 322 3264 ¹venis,
350 3168 433 3242 sed:
462 3167 560 3241 Num
587 3173 627 3240 tu
654 3190 693 3270 es
720 3165 798 3264 ipse
825 3165 954 3238 Elias?
980 3165 1067 3240 Ideo
1087 3165 1191 3238 dicit:
1209 3165 1295 3240 Non

206 3403 257 3479 rit,
272 3401 429 3463 christum
443 3401 587 3460 ananns
601 3397 773 3478 baptizatos
788 3400 887 3458 denuo
901 3399 1076 3478 baptizasse
1088 3403 1119 3459 ct
1128 3401 1187 3460 hac
1201 3399 1295 3460 ratio·

206 3501 247 3542 nc
258 3501 366 3542 verum
380 3500 468 3540 suum
482 3479 634 3558 baptisma
646 3479 803 3538 revelasse
815 3483 847 3537 et
859 3480 951 3538 finem
961 3480 1154 3558 baptismatis
1168 3480 1298 3540 Ioannis

207 3565 408 3622 monstrasse.
419 3559 646 3637 SEphraemus
659 3575 732 3632 ergo
748 3559 805 3616 sibi
816 3576 877 3618 non
889 3561 1032 3619 constans
1045 3559 1295 3637 deprehenditur.
1364 3571 1366 3576 '

292 3645 319 3699 1.
339 3639 499 3716 Cognosce
512 3657 552 3698 ex
566 3637 614 3696 his
627 3638 731 3697 verbis
745 3639 903 3698 auctorem
922 3639 1138 3716 Ephraemum,
1157 3637 1297 3698 laudato·

209 3739 277 3780 rem
292 3719 497 3780 eremitarum.

288 3801 317 3857 2.
337 3798 424 3857 Haec
437 3797 534 3856 verba
544 3815 584 3856 ex
596 3797 713 3854 Ioanne
729 3796 804 3870 1,14
818 3796 959 3856 hocloco
972 3793 1073 3872 posita
1087 3793 1249 3872 suntquis
1263 3797 1296 3855 et

205 3877 240 3936 in
251 3877 454 3937 Diatessaron
468 3874 597 3951 Tatiani,
615 3875 649 3930 ut
657 3874 768 3932 Latina
780 3875 882 3935 Editio
897 3878 1039 3949 testatur,
1059 3877 1131 3950 post
1143 3874 1217 3933 Luc.
1233 3876 1260 3950 3,
1276 3877 1295 3933 3

207 3959 321 4018 allatus
342 3961 411 4016 erat
429 3957 516 4015 locus
536 3955 753 4030 Ioan.1,7-18,
775 3969 815 4012 ex
836 3973 896 4032 quo
918 3954 1142 4033 amphraemus
1163 3971 1193 4012 n.
1205 3955 1252 4027 17,
1263 3953 1297 4013 et

206 4037 282 4098 dein
294 4055 325 4096 v.
340 4038 378 4094 14
392 4036 549 4113 explanat.

292 4119 322 4176 3.
342 4115 448 4174 Ioaxx.
468 4117 496 4187 6,
512 4108 561 4173 56.

291 4197 321 4253 4.
342 4194 462 4262 Quibus
475 4192 579 4254 verbis
593 4209 618 4250 s.
630 4187 821 4267 Ephraemus
831 4191 936 4274 docet,
949 4189 1154 4269 prophetiam,
1165 4207 1226 4268 qua
1237 4189 1299 4249 Da·

207 4272 275 4334 vidi
286 4273 423 4333 salvator
438 4272 607 4333 exsemine
622 4289 678 4330 suo
691 4272 860 4346 promissus
875 4275 932 4347 est,
954 4269 1099 4329 etiamad
1119 4267 1295 4330 Zorobabo·

207 4353 349 4494 lem,aqui
361 4353 507 4430 populum
520 4350 619 4414 Israel
630 4368 671 4410 ex
683 4351 861 4428 captivitate
871 4350 1060 4429 Babylonica
1071 4349 1207 4425 reduxit,
1218 4345 1296 4408 refe·

209 4451 270 4494 reu
309 4451 339 4492 m
354 4447 434 4492 essa.
