3218 5024
1234 321 1278 390 89

194 445 334 542 0011000
360 469 473 544 posse.
502 447 549 520 Et
573 471 681 544 quum
707 445 845 521 audiret
874 449 1074 522 dicentem:
1110 447 1279 523 Firmiter

197 555 304 626 crede
323 552 472 626 0001000
489 552 562 625 filia
583 559 654 646 tua,
672 553 754 624 inde
768 553 959 648 intellexit,
973 577 1010 624 00
1023 553 1129 626 fidem
1141 554 1278 626 medico

195 663 262 751 pro
288 655 402 752 pretio
428 657 512 730 dare
540 679 655 752 posse.
684 656 753 745 Qui
773 659 883 730 verbo
900 658 972 730 oris
987 657 1042 730 sui
1060 659 1218 752 sanabat,
1236 659 1277 730 fi-

197 760 267 854 dei,
286 785 376 857 quae
396 768 450 832 est
467 760 603 834 fructus
622 760 705 854 oris,
732 762 930 834 mercedem
945 763 1071 858 exegit
1085 762 1109 834 ⁴.
1133 761 1277 836 Sanatio

195 887 244 936 ex
262 889 323 938 ore
338 863 474 938 Christi
492 865 613 958 exivit,
628 873 663 936 et
676 865 780 936 fidem
799 889 845 936 ex
862 889 923 940 ore
941 865 1100 938 mulieris
1117 865 1278 960 negotia-

194 973 254 1039 tus
273 977 338 1042 est.
366 969 592 1043 sanationem
619 961 842 1041 manifestam
868 969 965 1042 dedit
981 976 1017 1041 00
1034 969 1188 1066 pretium
1204 993 1277 1042 ma·

193 1071 364 1146 nifestum
382 1073 585 1168 postulavit.
605 1072 749 1145 Sanctio
767 1072 899 1148 elabiis
918 1073 993 1169 ejus
1007 1073 1201 1169 procedens
1215 1097 1278 1171 pa·

193 1173 267 1247 lam
285 1175 494 1252 audiebatur
504 1197 519 1270 3·
531 1177 611 1248 ideo
630 1175 734 1248 fidem
753 1175 857 1250 labiis
870 1175 1091 1274 propalatam
1105 1177 1276 1273 poposcit.

195 1281 367 1354 Attamen
393 1305 501 1378 quum
527 1280 655 1352 mulier
683 1303 801 1352 coram
827 1283 1001 1374 omnibus,
1035 1280 1121 1378 quid
1146 1281 1277 1354 lactum

193 1391 300 1478 esset,
319 1379 556 1478 confiteretur,
575 1391 611 1456 et
637 1384 670 1456 ei
697 1385 803 1457 fidem
820 1407 891 1456 non
908 1391 1143 1480 praestarent,
1162 1385 1275 1477 maxi·
1369 1425 1373 1438 ·

191 1509 250 1558 me
264 1511 307 1560 ea
321 1512 366 1561 ex
380 1511 495 1583 causa,
513 1488 597 1584 quia
614 1489 690 1586 ejus
708 1489 847 1561 dolores
865 1489 1060 1561 absconditi
1077 1494 1179 1560 erant
1192 1511 1275 1560 nam

191 1596 230 1660 et
250 1615 359 1687 quum
376 1592 495 1664 oeulos
513 1593 607 1664 coeci
625 1593 791 1689 00001000,
819 1615 899 1664 eum
916 1593 1073 1665 insanire
1095 1591 1274 1686 dixerunt,

190 1700 229 1764 00
246 1720 355 1791 quum
373 1694 549 1768 Lazarum
565 1697 661 1768 vitae
679 1697 854 1789 redderet,
881 1719 926 1768 ex
945 1695 997 1768 eis
1014 1696 1113 1794 ipsis,
1144 1695 1205 1792 qui
1222 1697 1274 1769 vi-

192 1791 333 1893 derant,
360 1794 535 1871 nonnulli'
549 1823 621 1873 non
647 1800 883 1894 crediderunt,
902 1807 1090 1898 propterea
1115 1799 1273 1895 puellam

190 1901 378 1976 duodecim
397 1927 568 1977 annorum
586 1905 624 1976 in
641 1905 750 1977 vitam
771 1904 968 1977 revocarit.¹
987 1903 1056 1992 Qui
1075 1904 1169 1976 enim
1187 1904 1273 1975 duo-

189 2005 308 2079 decim
326 2031 499 2080 annorum
515 2007 626 2081 vitam
644 2007 800 2104 corporis
817 2031 889 2079 uon
911 2007 1148 2104 interruptam
1165 2006 1203 2080 10
1221 2007 1272 2080 10-

187 2133 270 2184 cum
288 2135 390 2184 suurn
407 2112 562 2207 reduxit,
581 2113 697 2210 potuit
711 2120 746 2185 et
759 2112 895 2186 fluxum
910 2111 1092 2208 sanguinis
1107 2135 1172 2208 per
1185 2111 1272 2184 duo·

187 2215 306 2287 decim
325 2240 435 2288 annos
462 2239 533 2288 000
554 2217 791 2313 interruptum
810 2216 1004 2314 reprimere
1022 2222 1057 2288 00
1075 2239 1096 2288 0
1112 2216 1189 2288 1000
1208 2239 1272 2289 000

186 2320 327 2415 ejicere.
347 2319 416 2409 Qui
434 2345 543 2393 unum
561 2321 676 2417 potuit
703 2319 884 2411 reducere,
911 2319 1027 2417 potuit
1054 2328 1090 2394 00
1116 2317 1269 2393 alterum

184 2424 382 2522 expellere,
409 2431 445 2497 00
470 2424 530 2521 qui
548 2425 645 2498 illius
672 2423 765 2498 filiae
791 2424 909 2496 omnia
933 2425 1092 2498 membra
1110 2429 1272 2497 emortua
1349 2438 1351 2444 ’

115 2559 122 2565 ·
183 2528 389 2623 vivificavit,
406 2528 523 2624 potuit
541 2536 577 2602 et
592 2534 753 2604 ventrem
771 2529 876 2625 hujus
893 2527 1052 2600 mulieris
1072 2551 1208 2602 sanare.

290 2631 483 2729 Postquam
502 2641 620 2706 autem
647 2633 775 2704 mulier
802 2639 926 2706 sanata
944 2639 1009 2726 est,
1038 2632 1130 2704 dixit
1146 2631 1271 2704 Domi·

183 2759 276 2808 nus:
306 2759 320 2793 e
338 2737 426 2826 Quis
444 2759 500 2808 me
517 2737 636 2833 tetigit
650 2775 679 2828 e,
699 2736 844 2831 00111000,
870 2743 910 2808 00
923 2736 1002 2832 1000
1020 2759 1137 2808 coram
1156 2737 1207 2810 eis
1226 2735 1270 2809 de

182 2849 395 2936 recuperata
418 2865 482 2914 sua
508 2842 621 2914 salute
649 2841 909 2914 testificaretur.
936 2839 1073 2913 Idcirco
1100 2839 1205 2912 etiam
1225 2840 1269 2912 de

181 2943 306 3038 puella
318 2943 410 3016 dixit
426 2966 441 3001 e
454 2945 603 3018 dormit
615 2985 644 3040 a,
659 2951 699 3017 ut
711 2944 781 3040 ipsi
794 2950 903 3016 000000
917 2943 1053 3034 fierent,
1068 2943 1161 3039 quod
1175 2967 1268 3016 mor·

181 3052 247 3120 tua
263 3054 368 3142 esset,
382 3056 432 3142 ut,
447 3049 587 3144 quando
602 3073 679 3122 eam
691 3048 786 3122 01000
801 3047 976 3120 redditam
993 3047 1270 3140 010000000001-

182 3173 284 3223 sores
302 3151 468 3226 10000000
488 3153 562 3249 ejus
581 3158 879 3226 converterentur.
899 3150 1155 3225 Testimonium
1174 3151 1269 3223 enim

181 3255 227 3325 de
247 3263 360 3328 morte
378 3257 519 3352 puellae
538 3259 582 3329 ab
601 3257 652 3328 010
671 3256 815 3350 editum,
835 3262 870 3327 00
888 3253 1110 3330 resuscitatio
1128 3254 1269 3350 puellae

182 3364 297 3432 testes
309 3367 421 3450 erant,
432 3359 492 3458 qui
505 3367 654 3434 mortem
665 3359 809 3432 Domini
819 3359 1089 3457 praecedebant,
1099 3382 1143 3431 00
1153 3358 1268 3431 10000-

182 3461 261 3534 (1011
278 3463 416 3557 1100000,
438 3465 578 3560 quando
605 3488 686 3536 cum
712 3465 912 3538 redivivum
938 3463 1112 3538 viderent.
1140 3463 1269 3560 Itaque

177 3568 268 3655 ,dcta
277 3569 441 3665 elegendi
449 3569 616 3642 facultate
630 3569 723 3642 inter
736 3569 824 3641 haec
835 3570 903 3640 duo
915 3593 974 3641 eos
984 3567 1111 3663 posuit.
1123 3567 1162 3640 Si
1176 3568 1270 3640 enim

178 3670 222 3742 ‘in
240 3680 421 3768 posterum
439 3673 568 3745 iterum
588 3673 757 3766 dicerent,
781 3672 939 3770 puellam
957 3670 1177 3764 dormivisse,
1204 3695 1270 3767 per

182 3775 252 3847 hoc
269 3800 408 3873 quoque
423 3777 491 3850 etsi
502 3776 688 3850 nolentes²
707 3800 787 3848 eum
805 3775 1084 3872 magnificarent,
1099 3775 1181 3871 quia
1195 3797 1268 3845 om-

180 3880 288 3953 nibus
302 3881 559 3978 spectatoribus
573 3880 847 3978 dijudicantibus
862 3888 898 3952 et
908 3878 1175 3973 affirmantibus,
1189 3901 1268 3952 eam

180 3983 292 4056 firisse
311 3991 498 4078 mortuam,
521 3987 610 4082 ipse,
636 3991 825 4082 antequam
852 3983 1008 4081 puellam
1034 3983 1269 4077 0100000001-

181 4083 304 4182 010000,
318 4112 396 4162 eam
410 4089 573 4162 dormire.
585 4089 623 4162 Si
636 4096 755 4162 autem
769 4089 939 4183 dicerent,
958 4111 1034 4160 eam
1053 4111 1125 4160 non
1138 4087 1268 4161 dormi·

248 4269 291 4403 t1.
313 4267 398 4328 Haec
420 4288 460 4329 ex
485 4269 552 4328 cod.
566 4270 609 4346 133
630 4271 660 4328 in
682 4270 748 4330 cod.
773 4271 801 4328 A
828 4267 992 4326 nonnullae
1020 4285 1113 4326 00000
1134 4267 1267 4328 omissae

182 4361 245 4402 sun
262 4386 270 4400 .

262 4429 290 4484 2.
312 4428 362 4486 100
374 4427 405 4485 10
422 4429 488 4489 cod.
503 4429 544 4500 B;
559 4428 590 4487 iu
605 4429 671 4488 cod.
686 4428 732 4485 A:
747 4427 846 4495 Quum
861 4445 922 4486 000
937 4399 1071 4504 possent.
