3280 5028
1230 355 1295 428 131

218 477 398 554 duxerunt
414 488 451 556 et
466 480 694 555 detruserunt
712 502 802 552 eum.
820 478 903 552 Zelo
923 478 1016 550 enim
1035 503 1121 576 ergo
1138 488 1298 578 posteros

218 585 420 658 ¹abrahama
450 585 658 658 inflammati
673 590 786 678 erant,
800 585 977 656 dicentes:
1005 581 1102 656 Dens
1129 585 1192 659 hos
1211 612 1297 684 prae

217 689 379 763 omnibus
396 689 561 786 gentibus
580 687 775 762 honoravit.
792 688 910 776 Quum
936 685 1046 781 igitur
1067 688 1240 764 Dominus
1258 695 1297 768 in

217 790 399 866 Nazareth
423 793 642 890 loqueretur,
670 792 738 866 duo
777 789 967 888 exempla*
996 793 1188 890 proposuit,
1206 821 1296 891 quae

217 892 408 970 discrimen
432 897 525 970 inter
544 895 713 994 populum
732 903 768 967 et
786 903 910 990 gentes
937 897 1137 968 ostendunt.
1165 899 1295 973 Simili·

217 1003 271 1072 ter
297 1023 361 1098 per
386 1001 569 1098 templum,
591 999 634 1071 de
661 1023 729 1096 quo
755 999 977 1094 loquebatur,
1003 998 1100 1072 aliud
1125 1003 1297 1100 templum

159 1151 164 1160 -
214 1104 382 1199 ostendit,
399 1105 567 1178 nimirum
584 1127 711 1200 corpus
739 1125 852 1196 suum,
871 1110 906 1174 et
933 1125 997 1197 per
1014 1127 1118 1199 agros
1145 1129 1297 1180 messem

214 1203 396 1281 hominum
413 1207 623 1282 monstravit
639 1210 677 1280 in
693 1206 861 1283 Samaria.
889 1205 1000 1278 Totus
1024 1207 1117 1280 enim
1144 1211 1296 1308 populus

214 1313 428 1409 prophetae,
455 1313 498 1390 de
525 1316 594 1408 quo
620 1311 786 1392 Christus
804 1309 915 1405 dixit,
942 1317 1112 1407 cognatus
1139 1322 1175 1385 et
1199 1315 1296 1390 natio

218 1415 296 1510 ejus
321 1417 477 1490 fraterna
502 1416 568 1490 luit
581 1414 607 1487 ².

318 1519 515 1594 Honoravit
540 1518 793 1594 Centurionem
820 1525 855 1590 et
881 1518 925 1592 de
952 1539 993 1589 eo
1019 1517 1213 1595 admiratus
1230 1531 1296 1618 est,

212 1621 399 1699 honoravit
424 1622 739 1722 syrophoenissam
757 1629 793 1693 et
815 1621 858 1694 de
877 1645 919 1694 ea
945 1622 1136 1718 obstupuit.
1163 1623 1309 1714 Denta.

212 1725 349 1800 rionem
374 1727 560 1801 honoravit
586 1733 626 1800 ut
650 1727 823 1819 Naaman,
850 1732 885 1797 et
912 1724 1229 1822 Syrophoenissam
1255 1739 1296 1804 ut

213 1825 358 1904 viduam
385 1832 566 1930 Sareptae.
585 1831 683 1905 Elias
700 1829 792 1924 sugit
809 1829 854 1902 ad
881 1835 1016 1926 gentes,
1034 1831 1097 1903 sed
1123 1831 1295 1908 Dominus

213 1935 405 2031 prohibuit,
423 1960 467 2008 ne
487 1935 541 2011 sui
558 1933 723 2032 discipuli
738 1941 863 2028 gentes
891 1933 1097 2006 salutarent.
1123 1935 1171 2008 Et
1189 1937 1294 2032 Syro-

212 2038 440 2134 phoenissam
460 2040 633 2113 Dominus
660 2059 785 2110 serere
813 2039 1051 2134 excepitque
1077 2040 1232 2114 ostendit
1260 2050 1296 2114 et

212 2141 343 2236 docuit,
362 2145 579 2216 sanationem
593 2148 716 2239 postea
733 2140 777 2213 ad
796 2147 919 2237 gentes
933 2147 1184 2238 perventuram
1204 2169 1293 2218 esse.

191 2241 328 2320 'Porro
345 2248 517 2344 permisit,
537 2254 577 2319 ut
593 2246 709 2344 ipsum
734 2244 1021 2342 praecipitarent,
1040 2247 1123 2342 quia
1143 2248 1292 2322 Satanas

212 2350 442 2447 existimavit,
459 2351 650 2425 Dominum
668 2371 714 2420 ex
740 2347 864 2422 timore
888 2347 931 2422 de
958 2348 1144 2446 pinnaculo
1170 2353 1295 2450 templi

213 2477 254 2526 se
272 2478 344 2528 non
360 2452 498 2528 misisse
517 2454 691 2527 deorsum.
710 2450 827 2541 Quum
845 2460 963 2525 autem
985 2451 1160 2528 Dominus
1176 2455 1295 2530 detru-

211 2581 276 2631 sus
296 2582 367 2632 non
394 2556 587 2652 cecidisset,
605 2557 753 2631 Satanas
772 2557 815 2630 de
843 2579 905 2630 sno
932 2557 1132 2654 principatu
1159 2559 1295 2634 cecidit.

211 2662 386 2737 Similiter
404 2663 558 2759 lapidem
584 2685 656 2733 non
676 2659 760 2733 feeit
776 2683 916 2757 panem,
933 2684 978 2732 ne
1005 2661 1220 2736 desiderium
1245 2666 1295 2738 fa·
1331 2659 1337 2674 '

211 2774 312 2839 ceret
330 2769 534 2864 peccatoris.
553 2762 690 2840 Similia
708 2765 801 2838 enim
819 2764 857 2838 in
878 2764 1018 2837 deserto
1036 2765 1119 2839 feeit
1135 2767 1173 2840 in
1190 2791 1293 2864 pane,

212 2877 251 2942 et
269 2870 388 2944 Canae
405 2871 443 2944 in
460 2865 621 2944 Galilaea
637 2869 675 2942 in
687 2869 779 2941 vinc.

212 3003 214 3008 ·
318 2976 427 3050 Jube
458 2974 628 3048 afferri
652 2980 792 3070 caput
817 2973 1013 3046 Ioannis
1043 2973 1294 3069 Baptistae

213 3077 468 3176 (Marn.14,8).
488 3079 519 3154 O
537 3075 710 3170 Herodes,
729 3071 813 3172 quid
830 3075 938 3148 facis?
964 3076 1020 3148 Ne
1039 3077 1101 3150 des
1120 3085 1226 3174 caput
1237 3080 1295 3176 ju-

213 3191 310 3256 stum
325 3181 465 3256 oostae³
483 3180 679 3279 peccatrici.
708 3179 779 3253 Sed
792 3179 852 3275 qui
869 3179 1045 3253 Adamum
1062 3181 1146 3254 vicit
1162 3205 1226 3278 per
1240 3207 1295 3256 oo·

213 3295 319 3382 stam,
332 3311 482 3384 quacum
496 3285 658 3383 conjugio
672 3281 856 3381 copulatus
870 3291 957 3376 erat,
971 3284 1056 3356 vicit
1070 3293 1105 3357 et
1116 3285 1296 3360 Herodem

212 3415 281 3489 per
295 3399 428 3464 costam
445 3389 607 3487 conjugio
626 3389 659 3460 ei
677 3387 886 3484 copulatam.
904 3388 994 3460 Ecce
1009 3398 1124 3485 eaput,
1138 3389 1232 3486 quod
1251 3391 1296 3464 si·

211 3502 276 3568 out
288 3495 435 3570 lucerna
445 3518 552 3593 super
562 3493 698 3566 discum
707 3491 861 3589 positum
871 3499 958 3588 erat,
968 3493 1005 3566 in
1018 3515 1139 3566 omues
1148 3517 1296 3590 genera-

297 3671 323 3726 1.
343 3665 492 3725 Nimirum
516 3666 547 3724 in
568 3665 736 3726 Nazarenis
761 3667 934 3744 exemplum
957 3666 1159 3738 Iudaeorum,
1184 3666 1295 3746 quibus

212 3747 367 3830 propheta
378 3764 440 3805 non
454 3747 521 3804 erat
533 3749 689 3822 acceptus,
705 3747 736 3803 et
750 3745 779 3802 in
793 3744 885 3804 vidua
905 3747 1050 3823 Sareptae
1065 3752 1097 3805 et
1115 3749 1145 3804 in
1158 3748 1295 3806 Naaman

208 3825 353 3889 ostendit
365 3825 536 3901 exemplum
547 3823 713 3900 gcntilium,
725 3823 776 3901 qui
789 3826 968 3901 prophetam
979 3832 1176 3902 exceperunt.
1190 3827 1226 3884 ln
1235 3827 1296 3885 Na-

212 3907 335 3968 zarenis
350 3920 424 3978 argo
438 3903 584 3963 Dominus
599 3903 688 3960 simul
701 3903 883 3978 significavit
904 3905 1035 3962 Iudaeos
1049 3907 1078 3962 et
1093 3905 1123 3969 in
1137 3905 1229 3964 vidua
1243 3906 1296 3963 Sa-

212 3991 322 4062 reptae
335 3988 367 4042 et
379 3983 410 4040 in
420 3983 557 4042 Naaman
580 3982 719 4056 gentiles,
734 3983 813 4042 sicut
826 3984 857 4040 in
876 3985 989 4060 templo
1004 3985 1137 4056 (losu2,
1161 3987 1208 4058 19)
1230 4003 1295 4044 cor-

161 4063 164 4069 ’
212 4083 273 4146 pus
287 4081 385 4134 suum,
400 4066 432 4120 et
443 4063 474 4120 in
488 4060 570 4137 agris
584 4061 659 4120 albis
687 4080 817 4120 messem
837 4061 990 4122 hominum
1001 4063 1138 4143 (Iomad,
1149 4065 1211 4136 35).

293 4145 321 4201 2.
342 4141 427 4200 Haeo
442 4141 537 4200 rerba
551 4159 618 4198 cum
632 4140 888 4217 praecedentibus
912 4142 955 4200 ita
979 4142 1162 4202 cohaerent:
1175 4143 1212 4202 In
1235 4142 1297 4204 Na·

210 4222 332 4283 aaronis
347 4219 487 4279 Christus
502 4220 673 4296 exemplum
687 4221 871 4280 Iudaeorum
893 4221 1062 4302 proposuit,
1077 4221 1148 4298 quia
1165 4241 1226 4282 non
1247 4241 1296 4283 so·

213 4301 276 4362 lum
299 4299 460 4371 Nazareni,
475 4297 529 4357 sed
550 4314 653 4358 omnes
676 4298 784 4361 Iudaei
806 4299 973 4378 prophetae
988 4301 1018 4360 in
1040 4301 1141 4380 patria
1164 4319 1225 4363 nou
1245 4320 1295 4362 ac·

213 4381 306 4461 cepto
330 4378 523 4441 conterranei
536 4377 633 4441 erant.
1284 4379 1287 4386 '

293 4463 321 4522 3.
341 4459 361 4519 i.
376 4473 403 4520 a.
417 4456 546 4523 mulieri.
