3218 5026
7 733 8 740 ἵ
73 683 77 688 ·
178 650 316 724 fuisset.

1222 319 1267 391 23

167 442 382 516 dimitteret.
401 441 440 516 Si
456 439 549 514 enim
567 439 800 534 cognovisset,
819 439 1082 536 conceptionem
1099 440 1176 538 ejus
1194 466 1265 517 nou

179 570 200 618 a
218 546 353 644 Spiritu
371 545 500 620 Sancto
518 564 608 636 esse,
627 565 705 616 eam
724 567 796 616 non
814 542 998 618 traducere
1016 545 1111 619 haud
1127 545 1266 640 justum

282 756 453 828 Attamen
477 754 567 826 bene
595 751 721 844 sciens,
748 750 928 847 hocopus
955 750 1131 846 Dei,·etsi
1162 752 1200 825 in
1227 779 1264 828 se

179 857 355 951 mirabile,
369 857 449 930 aliis
463 863 581 928 tamen
595 878 674 928 esse
691 853 910 948 incredibile,
928 861 1046 936 mente
1060 878 1125 928 sua
1135 856 1265 954 dijudi-

179 962 287 1053 cavit,
299 962 439 1057 justum
457 982 550 1054 esse,
577 966 617 1031 ιιι
635 979 713 1031 eam
733 957 941 1030 dimitteret.
968 958 1110 1032 Rursus
1130 962 1265 1058 cogita-

178 1065 235 1138 vit
250 1065 275 1158 ¹,
304 1065 383 1138 fieri
409 1087 527 1161 posse,
554 1070 595 1136 ιιι
623 1068 764 1136 tantum
789 1085 879 1160 opus
899 1061 1097 1136 ullomodo
1125 1067 1266 1140 macula

179 1167 397 1263 afficeretur,
416 1169 448 1241 si
465 1167 619 1241 invicem
638 1165 894 1240 cohabitarent.
913 1166 962 1238 Et
979 1168 1126 1242 uberius
1145 1193 1266 1244 secum

179 1273 388 1348 deliberans
407 1272 517 1346 dixit:
532 1271 640 1344 Haud
656 1269 741 1361 scic,
760 1293 807 1344 an
820 1269 919 1388 mihi·
925 1270 1065 1344 nullum
1079 1283 1265 1369 peccatum

179 1377 356 1491 oriatur,
359 1379 391 1451 si
408 1385 512 1474 pater
530 1375 693 1472 appeller
712 1375 908 1448 divinit
843 1381 931 1447 ιιιιι.
909 1374 1044 1448 intr
994 1376 1132 1450 ttimui
1134 1379 1266 1454 thabi-

182 1487 264 1554 tare
286 1505 366 1554 cum
398 1505 451 1575 ca,
479 1481 620 1553 dicens:
648 1479 705 1552 Ne
731 1479 822 1552 forte
850 1480 1025 1553 dehonest
1011 1481 1112 1554 tem²
1133 1506 1263 1557 nomen

179 1584 348 1681 virginis.
367 1585 566 1682 Propterea
583 1582 899 1679 dixiteiangelus:
918 1584 983 1658 Ne
1002 1585 1182 1682 timeas,
1201 1611 1267 1662 ac-

180 1690 348 1787 cipere
375 1687 582 1764 Mariam.
609 1687 1070 1784 ProsequiturScriptuzra
1094 1689 1266 1765 Sancte

180 1794 437 1868 habitabat
422 1790 796 1865 ιιιιιιιιιιιι.
832 1791 1073 1886 Etideo,ut
1103 1797 1267 1872 nonnulli

182 1897 320 1992 dicunt,
361 1897 570 1971 Zachariam
604 1896 823 1988 occiderunt,
856 1896 941 1993 quia
965 1896 1118 1971 Mariam
1145 1901 1190 1974 ad
1216 1901 1268 1974 la·

183 2009 245 2075 tus
283 2002 410 2100 etmpli
445 1999 711 2076 conservabat
715 2056 724 2094 ,
760 2024 843 2072 nam
877 2000 1038 2096 virgines
1068 2003 1187 2077 illae⁵
1222 2007 1268 2079 ad

183 2129 295 2179 unam
312 2114 452 2204 partem
471 2104 598 2202 templi
615 2105 937 2200 congregabantur.
956 2105 1033 2178 Alii
1051 2107 1185 2203 dicunt,
1202 2108 1267 2181 Za·

183 2211 357 2303 chariam,
382 2233 492 2306 quum
519 2209 557 2282 in
584 2209 691 2282 caede
717 2207 907 2281 infantium
926 2209 1002 2306 ejus
1020 2211 1115 2284 filius
1142 2213 1186 2286 ab
1201 2210 1268 2286 eo6

185 2315 408 2412 exigeretur,
435 2314 519 2410 quia
536 2312 639 2386 illum
656 2335 722 2409 per
739 2312 862 2408 lugam
888 2313 926 2384 in
944 2313 1126 2389 desertum
1145 2339 1266 2390 serva·

183 2426 300 2514 verat,
319 2419 474 2492 occisum
493 2440 572 2490 esse
591 2423 674 2489 ante
693 2416 819 2508 altare,
838 2416 930 2490 sicut
944 2416 1118 2493 Dominus
1138 2420 1266 2495 dixitl.

182 2523 338 2617 Dantur,
356 2523 418 2620 qui
436 2522 555 2594 dicere
578 2520 745 2615 audeant,
772 2519 926 2594 Mariam
943 2529 1026 2618 post
1043 2524 1269 2598 nativitatem

184 2627 385 2702 Salvatoris
410 2649 559 2699 uxorem
585 2625 732 2722 Iosephi
757 2624 879 2700 fuisse.
907 2625 959 2699 At
984 2628 1159 2724 quomodo
1189 2629 1269 2702 fieri

184 2731 316 2829 potuit,
344 2737 385 2804 ιιι
402 2753 551 2827 eaquae
570 2729 697 2802 domus
718 2728 786 2801 fuit
804 2736 840 2802 et
857 2729 1031 2806 habitatio
1047 2733 1216 2830 Spiritus,
1233 2740 1270 2806 et

182 2837 244 2908 cui
262 2835 385 2910 divina
405 2835 521 2909 virtus
548 2833 785 2928 obumbravit,
813 2841 940 2931 postea
957 2837 1087 2934 conjux
1105 2837 1268 2912 mortalis

180 2939 338 3016 hominis
352 2941 455 3013 fieret
472 2944 509 3011 et
526 2936 565 3011 in
582 2937 764 3011 doloribus
778 2940 887 3034 juxta
905 2938 1178 3015 similitudinem
1195 2942 1270 3038 pri-

181 3069 265 3118 mae
283 3041 544 3118 maledictionis
566 3041 741 3140 pareret?
768 3042 887 3130 Quum
896 3042 1001 3117 enim
1018 3043 1136 3119 Maria
1161 3047 1269 3118 bene·

183 3149 285 3223 dicta
303 3148 413 3222 estin
430 3146 653 3240 mulieribus,
671 3169 737 3242 per
751 3168 830 3218 eam
844 3145 962 3219 soluta
981 3155 1065 3222 sunt
1077 3148 1269 3223 maledicta

265 3394 361 3454 LAd
373 3393 522 3454 verbum·
538 3409 552 3442 u
565 3394 663 3453 Juxta
675 3395 810 3454 mentem
824 3396 918 3472 ejus„
935 3414 978 3456 sc
992 3400 1068 3456 erat.

263 3476 293 3533 2
313 3473 362 3532 Ad
375 3472 521 3533 verbum.
538 3471 695 3532 “Perdam
706 3491 761 3532 seu
776 3491 966 3552 corrumpam
977 3492 1089 3535 nomen
1106 3476 1268 3551 virginis„

265 3555 293 3611 3.
314 3552 450 3612 Sentent
442 3571 473 3611 ιι
484 3553 561 3611 haec
576 3551 704 3630 aperte
696 3571 726 3610 ιιι
728 3555 815 3611 trusa
828 3557 885 3612 est.
899 3553 936 3614 Iu
951 3554 1019 3612 cod.
1033 3556 1059 3613 B
1079 3554 1190 3616 desunt
1201 3575 1270 3616 ver·

181 3635 240 3693 ba:
255 3631 411 3690 “Diceusz
422 3631 469 3690 Ne
482 3630 615 3691 fortasse
630 3633 830 3708 eternaque
846 3631 1032 3692 “habitabat
1045 3653 1113 3694 oum
1127 3653 1165 3694 ea
1178 3638 1267 3698 etc„-

183 3710 354 3788 Sequentia
373 3729 504 3787 quoque,
525 3727 605 3786 quae
625 3709 664 3768 de
684 3713 783 3770 morte
806 3711 973 3771 Zachariae
992 3715 1166 3790 narrantur,
1186 3709 1269 3774 haud

183 3793 274 3850 recte
287 3789 345 3849 hoc
359 3788 428 3849 loco
441 3789 544 3881 posita
554 3787 706 3848 videntur.

265 3870 294 3927 4.
314 3868 441 3927 Aucher
453 3867 565 3927 vertit:
582 3867 661 3935 Quia
675 3865 805 3928 Mariam
823 3867 904 3927 inter
923 3867 1056 3944 virgines
1075 3870 1220 3929 habebat.
1233 3871 1271 3930 In

183 3945 371 4008 Armeniaca
385 3946 466 4006 idem
475 3943 660 4007 vocabulum
669 3946 751 4005 latus
764 3951 797 4008 et
807 3945 956 4024 virginem
966 3946 1128 4025 signifieat.
1139 3947 1272 4009 Contex-

184 4030 240 4086 tus
253 4043 341 4086 meae
356 4027 493 4086 versiam
483 4025 599 4084 favet.

267 4107 295 4164 5.
319 4105 448 4170 “Illaor
473 4123 513 4164 ex
534 4103 601 4164 cod.
614 4102 640 4160 B
660 4069 745 4163 addi
732 4105 796 4162 tum
816 4109 874 4164 est.
895 4103 1036 4182 Intellige
1054 4105 1186 4183 virgines
1199 4106 1266 4167 Deo

188 4203 308 4246 sacras
269 4262 368 4322 aad
388 4213 533 4322 verbum.
557 4260 619 4320 “In
631 4277 723 4319 manu
739 4263 844 4338 ejusv.
865 4263 902 4323 In
922 4261 1046 4341 Syriaco
1061 4282 1181 4342 quoque
1196 4263 1268 4324 dici-

189 4345 260 4403 tur:
252 4266 603 4498 {lxpivppprzgnpganm
616 4357 691 4417 pro.
706 4356 837 4401 emanu.
