3218 5026
867 668 885 741 Ι

596 913 909 966 nrrnnssrsou
950 909 1146 965 rrrrrrr

681 1057 693 1088 ὗ

439 1122 651 1220 Tatianum,
677 1127 847 1202 famosum
875 1129 1006 1202 saeculi
1033 1128 1178 1202 secundi
1204 1134 1284 1226 post
1310 1125 1413 1201 Chri-

327 1245 428 1313 stum
447 1242 739 1338 haeresiarcham,
757 1270 802 1318 ex
817 1255 966 1343 quatuor
984 1245 1189 1342 Evangeliis
1206 1269 1313 1317 unum
1332 1269 1413 1318 con-

335 1356 471 1453 fecisse,
497 1364 553 1434 cui
578 1387 705 1435 nomen
732 1364 829 1438 dedit
857 1365 1119 1438 “Diatessaron
1137 1405 1165 1458 a,
1192 1385 1255 1436 seu
1283 1368 1319 1433 τὸ
1348 1359 1409 1434 dm]

334 1484 500 1581 τεσσάρων
529 1483 749 1581 Ebappilzov,
767 1489 894 1558 testem
912 1483 1118 1581 primarium
1141 1481 1234 1579 apud
1257 1479 1412 1552 Graecos

336 1594 505 1672 habemus
532 1601 782 1677 Eusebium
809 1599 1270 1696 Gaesaree·nsom,qui
1295 1599 1333 1670 in
1357 1597 1410 1672 hi·

335 1717 445 1789 storia
463 1717 699 1792 ecclesiastica
725 1743 800 1816 cap.
819 1722 852 1813 4,
873 1723 917 1794 29
935 1721 1022 1796 haec
1047 1720 1179 1793 refert:
1209 1715 1411 1788 u'latianus

335 1835 621 1930 compositionem
640 1844 675 1908 et
693 1837 945 1932 collectionem,
962 1838 1080 1911 nescio
1098 1835 1281 1933 quomodo,
1294 1835 1412 1907 Evan-

335 1951 509 2046 geliorum
553 1957 753 2048 contexuit,
788 1979 894 2052 quam
929 1956 1158 2028 Diatessaron
1206 1952 1411 2025 nominavit.

334 2067 435 2154 Quod
453 2092 541 2166 opus
560 2095 582 2142 a
598 2071 808 2167 quibusdam
827 2073 1016 2144 etiamnum
1042 2072 1193 2144 habetur
1210 2110 1238 2144 a.
1264 2069 1410 2154 Eusebii

332 2185 572 2261 testimonium
607 2189 791 2262 confirmat
825 2189 1123 2286 Epiphanius
1149 2189 1187 2259 in
1221 2211 1327 2284 opere
1366 2189 1410 2260 de

330 2301 536 2378 haeresibus
555 2309 627 2402 (46,
649 2310 696 2400 1),
714 2308 781 2379 hoc
797 2331 906 2380 unum
934 2307 1142 2404 adjungens,
1160 2305 1301 2380 Tatiani
1326 2305 1410 2376 Dia·

332 2423 493 2494 tessaron
511 2450 532 2496 a
549 2425 729 2498 nonnullis
748 2425 983 2520 Evangelium
1011 2425 1202 2497 secundum
1227 2423 1409 2496 Hebraeos

332 2547 572 2637 nuncupatum
599 2563 686 2614 esse.

294 2650 296 2655 ’
434 2661 512 2732 Hoc
538 2661 678 2733 Tatiani
705 2685 793 2758 opus
820 2661 1158 2751 Theodoretus,
1184 2657 1271 2752 Cyri
1297 2681 1408 2753 prope

330 2777 537 2874 Euphraten
554 2781 749 2878 episcopua,
768 2782 806 2853 in
821 2803 929 2876 opere
944 2780 988 2852 de
1005 2779 1135 2853 fabulis
1151 2776 1408 2852 haereticorum

330 2894 380 2986 (1,
404 2895 464 2987 20)
487 2895 630 2970 uberius
658 2897 826 2969 describit
851 2896 993 2968 dicens:
1015 2891 1217 2968 “Tatianus
1243 2893 1408 2988 Evange-

332 3008 431 3104 lium,
458 3014 550 3108 quod
564 3013 794 3087 Diatessaron
820 3015 959 3106 dicitur,
986 3011 1191 3110 composuit,
1218 3013 1408 3106 amputatis

331 3130 548 3226 genealogiis
566 3125 603 3203 et
619 3131 699 3204 aliis
717 3133 889 3224 omnibus,
907 3155 996 3226 quae
1023 3129 1213 3202 Dominum
1232 3152 1278 3202 cx
1304 3131 1409 3202 semi-

331 3271 376 3319 ne
395 3247 511 3320 David
530 3252 723 3322 secundum
742 3273 884 3323 carnem
900 3257 1022 3322 natum
1040 3249 1238 3322 ostendunt.
1256 3247 1334 3336 Quo
1351 3250 1408 3322 usi

332 3371 414 3436 sunt
432 3388 502 3437 non
520 3367 634 3463 modo,
653 3365 713 3460 qui
732 3367 809 3461 ejus
828 3374 931 3438 erant
948 3373 1074 3459 sectae,
1089 3365 1151 3438 sed
1166 3366 1194 3440 ii
1207 3367 1329 3461 etiarn,
1343 3365 1408 3464 qui

329 3482 535 3580 Apostolica
561 3483 726 3578 dogmata
752 3487 1000 3579 sequebantur,
1028 3481 1289 3580 compositionis
1314 3483 1407 3558 frau-

330 3601 410 3674 dem
437 3623 506 3674 non
533 3610 795 3697 cognoscentes,
814 3604 876 3676 scd
902 3603 1095 3700 simplicius
1120 3609 1288 3697 tanquam
1314 3625 1406 3675 com-

301 3787 307 3800 ,
329 3719 511 3814 pendiario
530 3719 622 3793 libro
640 3728 792 3793 utentes.
819 3723 954 3795 Nactus
982 3746 1058 3794 sum
1076 3720 1183 3794 ctiam
1201 3720 1277 3816 ipse
1295 3721 1405 3797 libros

328 3837 529 3934 hujusmodi
549 3861 657 3934 supra
671 3839 853 3933 ducentos,
872 3839 909 3910 in
925 3840 1068 3912 honore
1085 3837 1222 3912 habitos
1238 3839 1277 3912 in
1296 3839 1405 3913 eccle-

330 3955 392 4028 siis
409 3959 552 4052 nostris,
580 3981 666 4054 quos
693 3981 814 4030 omnes
839 3959 876 4032 in
902 3982 1011 4030 unum
1036 3964 1221 4053 congestos
1248 3960 1403 4055 seposui,

330 4083 365 4147 et
390 4100 455 4172 pro
484 4078 540 4150 his
567 4085 715 4174 quatuor
747 4067 1054 4175 Evangelistarnm
1082 4077 1266 4173 evangelia
1294 4078 1403 4153 intro-

326 4194 413 4266 duxi
432 4234 458 4268 ».
1104 4248 1107 4253 -

401 4313 562 4408 ¹Apud
596 4315 738 4407 Syros
782 4314 896 4410 prima
940 4315 983 4387 de
1020 4314 1224 4392 Diatcssaro
1263 4315 1402 4401 Tatiani
