3260 5020
320 445 382 530 te,
421 435 613 510 Dominum
646 435 818 510 donorum
858 441 1078 529 nostrorum,
1119 435 1309 532 pervenire
1346 461 1419 512 non

323 540 430 616 11161.
520 585 525 596 ·

423 642 470 713 Et
487 641 572 738 quia
588 641 728 715 insidiis
754 641 832 739 lupi
847 641 857 686 ⁴
878 640 917 712 in
941 639 1088 738 deserto·
1102 638 1264 714 derelicti
1292 667 1416 717 sumus

233 843 235 846 Ι
321 750 428 818 extra
453 768 577 840 paoem
603 745 722 818 basuli
747 746 799 842 pii
826 742 980 841 pastoris
1007 743 1132 835 nostri,
1158 743 1252 816 11666
1274 746 1417 842 requies

321 853 445 920 nostra
479 848 699 946 reprehensa
723 856 779 920 est
813 870 879 944 per
913 845 1050 920 animos
1084 845 1328 944 poenitentes,
1354 850 1416 944 qui

321 973 400 1022 eam
436 949 687 1046 dijudicarunt.
723 951 826 1026 Haec
851 972 924 1020 non
957 971 1044 1021 vera
1079 949 1325 1045 requieseat,
1352 952 1416 1024 sed

318 1053 438 1148 potius
455 1053 597 1150 requies
623 1053 801 1128 maculata
818 1059 855 1141 et
872 1051 1026 1143 sordida,
1044 1077 1134 1148 quae
1154 1052 1285 1147 spoliat
1307 1053 1412 1149 spiri-

319 1163 378 1228 tus
395 1157 434 1230 in
451 1155 669 1248 abscondite,
695 1159 882 1252 perturbat
898 1177 1027 1252 corpus
1044 1155 1083 1226 in
1101 1155 1299 1248 manifesto,
1318 1179 1410 1252 quae

320 1259 412 1345 clam
439 1259 615 1352 vulnerat,
634 1267 674 1330 ut
692 1260 839 1355 spiritus
866 1258 988 1331 dolore
1016 1257 1203 1348 afficiatur,
1222 1265 1260 1328 61
1282 1281 1411 1356 eorpus

319 1353 493 1436 turbetur.
520 1363 568 1436 st
585 1370 758 1458 quantum
784 1361 932 1458 spiritus
958 1367 1079 1432 noster
1103 1361 1195 1439 clam
1221 1361 1412 1456 gaudebat,

319 1471 457 1538 tanturn
485 1466 763 1538 contristabatur
789 1465 827 1536 in
854 1458 1051 1555 manifesto,
1070 1487 1180 1558 quum
1205 1464 1297 1535 hane
1315 1464 1413 1559 quie·

257 1567 258 1572 ’
318 1575 391 1640 tem
418 1566 892 1664 11611116161611116111616161
920 1567 1089 1638 studeret.
1117 1567 1221 1638 Hanc
1239 1566 1335 1638 enim
1357 1591 1414 1639 re-

318 1672 437 1767 quiem
467 1672 647 1743 destruxit
665 1671 766 1742 dolor
794 1669 986 1768 spirituum
1013 1668 1192 1762 salutaris,
1215 1668 1275 1764 qui
1301 1669 1347 1740 ad
1372 1669 1414 1741 fi-

318 1773 552 1848 1161111111165
579 1797 658 1846 eam
685 1775 977 1869 consequebatur.
1006 1771 1162 1868 Spiritus
1189 1773 1284 1865 enim
1314 1770 1414 1844 illam

317 1876 478 1972 requiem
503 1877 542 1948 in
568 1877 629 1948 siti
654 1877 756 1972 quasi
782 1875 893 1968 bibit,
928 1873 1177 1948 inebriationev
1199 1873 1352 1947 nutrivit
1378 1880 1415 1945 et

319 2002 384 2076 per
410 1978 636 2075 disciplinam
662 1979 830 2052 evomuit.
866 1979 946 2050 Hoc
982 1985 1038 2048 est
1072 1977 1270 2050 remedium
1305 1977 1412 2070 11116,

316 2081 411 2177 quod
437 2082 613 2156 Dominus
638 2105 767 2179 eorpus
795 2105 900 2154 suum
924 2079 1008 2152 fecit
1041 2082 1155 2154 ubera
1184 2079 1412 2152 innocentiae

315 2193 472 2278 nostrae,
497 2192 534 2256 61
559 2185 771 2280 sanguinem
797 2208 910 2256 suum-
927 2183 1083 2275 fontem,
1109 2182 1171 2279 qui
1201 2182 1412 2256 inebriando

315 2287 412 2360 sitim
436 2295 597 2360 nostram
615 2288 775 2384 depellit,
793 2295 829 2359 et
846 2292 942 2359 totus
968 2309 1117 2381 prorsus
1143 2285 1258 2360 faetus
1276 2291 1332 2358 est
1349 2307 1412 2358 no·

315 2390 371 2462 bis
397 2415 520 2462 mensa
545 2391 702 2464 omnium
728 2393 911 2464 bonorum.

423 2493 595 2581 Quamvis
622 2492 886 2566 benedictiones
912 2496 1055 2564 nostrae
1075 2513 1206 2586 parvae
1233 2489 1302 2562 tibi
1329 2489 1413 2582 sint,

315 2600 437 2668 tamen
462 2619 527 2667 nos
553 2597 747 2689 enutriunt,
773 2604 814 2668 ut
838 2617 903 2690 per
930 2617 990 2664 eas
1016 2595 1062 2665 ad
1089 2593 1210 2668 sedem
1236 2593 1411 2664 donorum

315 2701 456 2770 tuorum
475 2698 735 2794 perveniamus.
764 2696 936 2788 Quamvis
953 2695 1079 2770 laudes
1102 2705 1245 2770 nostrae
1273 2693 1409 2767 divitiis

268 2867 269 2872 ,
314 2800 388 2874 tuis
412 2801 502 2875 nihil
528 2801 672 2894 addant,
691 2809 811 2874 tamen
829 2824 893 2874 suo
912 2801 1053 2872 fervore
1076 2807 1235 2874 nostram
1261 2795 1409 2871 infirmi-

313 2909 424 2979 tatem
450 2905 488 2976 in
514 2903 729 2978 oblivionem
757 2905 948 2978 adducunt.
983 2903 1086 2978 Licet
1110 2927 1237 3002 preces
1263 2907 1406 2974 nostrae

314 3007 477 3080 infirmae
511 3007 584 3080 sint
619 3009 784 3102 vocibus,
811 3015 930 3080 tamen
965 3007 1145 3102 copiosam
1179 3013 1215 3078 61
1240 3025 1407 3098 magnam

314 3109 388 3183 11111
413 3111 563 3203 babent,
580 3111 716 3184 ducunt
739 3136 805 3184 nos
826 3110 872 3183 ad
890 3116 938 3203 te,
956 3117 1044 3182 6116
1063 3111 1243 3184 deducunt
1259 3107 1304 3180 ad
1331 3127 1408 3176 nos.

314 3215 501 3308 Nonquia
527 3214 627 3310 ipsae
644 3221 717 3288 tam
743 3215 853 3288 fortes
880 3220 975 3304 sunt,
992 3214 1059 3286 hoc
1080 3214 1220 3286 efficere
1247 3213 1410 3306 possunt,

315 3316 377 3388 sed
403 3317 488 3411 quia
513 3326 552 3388 tu
586 3321 699 3392 bonus
725 3341 764 3390 es
790 3318 913 3413 eisque
938 3317 976 3388 in
1002 3317 1145 3388 laudern
1180 3323 1279 3388 tuam
1314 3313 1406 3385 hane

314 3417 560 3492 efficacitatem
587 3419 757 3494 tribuisti.
1274 3445 1277 3452 ·

396 3611 423 3666 l.
443 3609 546 3684 Lupus
561 3609 591 3664 11.
605 3608 625 3664 1.
640 3607 751 3666 dieitur
774 3607 943 3682 imperator
955 3607 1080 3676 Valens,
1104 3607 1155 3682 qui
1173 3624 1199 3662 1.
1216 3604 1338 3662 Barden
1365 3621 1406 3660 ex

313 3685 387 3745 sede
401 3705 457 3743 sua
471 3688 630 3744 Edessena
644 3687 737 3761 ejecit
751 3688 782 3742 61
796 3686 973 3762 episcopum
985 3686 1132 3742 Asianum
1146 3685 1279 3741 intrusit.
1290 3680 1406 3740 Confer

123 3739 125 3743 Ι
225 3789 227 3796 ²
315 3767 416 3858 Bdrell
430 3766 574 3823 Carmina
587 3765 735 3824 Nisibena
749 3783 772 3820 s.
787 3765 951 3839 Ephraemi
964 3783 994 3838 p.
1007 3767 1043 3821 10
1055 3765 1146 3821 6122.
1160 3761 1314 3836 “Requiss
1328 3791 1341 3821 s
1359 3777 1407 3817 er-

314 3862 353 3918 go
369 3843 431 3976 1111.
445 3843 635 3919 interruptus
650 3844 846 3920 episcopatus
860 3843 1012 3900 ecclesiae
1037 3841 1207 3900 catholicae
1226 3839 1406 3898 Edessenae

313 3939 332 3979 a
374 3921 493 3978 6111111.

332 3939 371 3998 pp
391 4001 422 4056 2.
443 4000 492 4057 Sic
505 3999 536 4056 in
551 4000 618 4058 cod.
630 4001 665 4058 B.
675 3999 712 4055 In
728 3999 795 4058 cod.
808 3999 852 4056 A:
872 4014 886 4043 a
899 3998 1102 4058 observares».
1128 3996 1255 4055 Initium
1275 4010 1406 4070 sequen·

313 4075 354 4135 tis
368 4078 539 4135 sententiae
552 4078 584 4135 in
598 4079 666 4136 cod.
679 4079 705 4134 B
717 4077 775 4135 hoc
790 4082 852 4134 est:
871 4076 981 4134 “Haec
1000 4076 1081 4134 euim
1101 4074 1225 4151 requies
1246 4071 1402 4131 destruxit

314 4155 453 4214 dolorem
467 4155 593 4216 animis.
607 4155 715 4214 Lectio
730 4155 796 4214 cod.
810 4156 838 4212 A
852 4153 1055 4230 praeferenda
1069 4151 1201 4211 ridetur.
1420 4151 1425 4162 '

393 4235 422 4292 3.
444 4233 493 4292 sio
507 4233 538 4290 in
552 4235 620 4292 cod.
634 4235 669 4291 Β.
681 4234 806 4292 Aucher
819 4249 860 4290 ex
875 4231 943 4290 eod·
957 4232 986 4290 A
1008 4232 1115 4290 vertit:
1130 4232 1195 4289 “In
1209 4229 1301 4286 finem
1320 4245 1405 4285 mem

313 4311 354 4370 tis
363 4342 390 4373 1.
404 4312 519 4370 Sensus
533 4329 603 4370 esse
617 4312 756 4371 videtur:
770 4310 1063 4388 Poenitentia,quae
1077 4311 1191 4371 multos
1204 4307 1235 4365 in
1247 4305 1405 4366 1111611116

312 4389 461 4468 subierat,
475 4391 534 4452 hoc
549 4391 681 4452 schisma
695 4390 821 4460 abolere
835 4387 949 4466 eoepit.
