<?xml version="1.0" encoding="UTF-8"?>
<!DOCTYPE html PUBLIC "-//W3C//DTD XHTML 1.0 Transitional//EN"
    "http://www.w3.org/TR/xhtml1/DTD/xhtml1-transitional.dtd">
<html xmlns="http://www.w3.org/1999/xhtml" xml:lang="en" lang="en">
 <head>
  <title>
</title>
<meta http-equiv="Content-Type" content="text/html;charset=utf-8" />
  <meta name='ocr-system' content='tesseract 3.04.00' />
  <meta name='ocr-capabilities' content='ocr_page ocr_carea ocr_par ocr_line ocrx_word'/>
</head>
<body>
  <div class='ocr_page' id='page_1' title='image "./evangeliiconcor00msgoog_0080.png"; bbox 0 0 3218 5024; ppageno 0'>
   <div class='ocr_carea' id='block_1_1' title="bbox 1225 334 1270 404">
    <p class='ocr_par' dir='ltr' id='par_1_1' title="bbox 1225 334 1270 404">
     <span class='ocr_line' id='line_1_1' title="bbox 1225 334 1270 404; baseline 0.089 -4"><span class='ocrx_word' id='word_1_1' title='bbox 1225 334 1270 404; x_wconf 72' lang='lat'><strong>57</strong></span> 
     </span>
    </p>
   </div>
   <div class='ocr_carea' id='block_1_2' title="bbox 187 461 1295 1496">
    <p class='ocr_par' dir='ltr' id='par_1_2' title="bbox 187 461 1273 1057">
     <span class='ocr_line' id='line_1_2' title="bbox 189 461 1270 561; baseline 0.002 -25"><span class='ocrx_word' id='word_1_2' title='bbox 189 485 263 536; x_wconf 90' lang='lat' dir='ltr'><strong>cem</strong></span> <span class='ocrx_word' id='word_1_3' title='bbox 280 461 364 536; x_wconf 85' lang='lat' dir='ltr'><strong>fecit</strong></span> <span class='ocrx_word' id='word_1_4' title='bbox 380 463 634 537; x_wconf 79' lang='lat' dir='ltr'><strong>consolatorem</strong></span> <span class='ocrx_word' id='word_1_5' title='bbox 645 462 671 556; x_wconf 78' lang='lat'><strong>⁴,</strong></span> <span class='ocrx_word' id='word_1_6' title='bbox 689 463 720 535; x_wconf 92' lang='lat' dir='ltr'><strong>is</strong></span> <span class='ocrx_word' id='word_1_7' title='bbox 738 465 775 535; x_wconf 93' lang='lat' dir='ltr'><strong>in</strong></span> <span class='ocrx_word' id='word_1_8' title='bbox 792 464 861 537; x_wconf 89' lang='lat' dir='ltr'><strong>fine</strong></span> <span class='ocrx_word' id='word_1_9' title='bbox 878 463 1048 559; x_wconf 89' lang='lat' dir='ltr'><strong>temporis</strong></span> <span class='ocrx_word' id='word_1_10' title='bbox 1066 467 1172 540; x_wconf 89' lang='lat' dir='ltr'><strong>rebus</strong></span> <span class='ocrx_word' id='word_1_11' title='bbox 1190 485 1270 561; x_wconf 84' lang='lat' dir='ltr'><strong>per-</strong></span> 
     </span>
     <span class='ocr_line' id='line_1_3' title="bbox 187 563 1271 666; baseline -0.002 -26"><span class='ocrx_word' id='word_1_12' title='bbox 187 568 330 641; x_wconf 90' lang='lat' dir='ltr'><strong>niciosis</strong></span> <span class='ocrx_word' id='word_1_13' title='bbox 343 563 524 642; x_wconf 81' lang='lat' dir='ltr'><strong>inundabit</strong></span> <span class='ocrx_word' id='word_1_14' title='bbox 538 575 573 640; x_wconf 93' lang='lat' dir='ltr'><strong>et</strong></span> <span class='ocrx_word' id='word_1_15' title='bbox 585 567 691 641; x_wconf 87' lang='lat' dir='ltr'><strong>utiles</strong></span> <span class='ocrx_word' id='word_1_16' title='bbox 704 567 800 662; x_wconf 82' lang='lat' dir='ltr'><strong>fient,</strong></span> <span class='ocrx_word' id='word_1_17' title='bbox 814 575 850 640; x_wconf 92' lang='lat' dir='ltr'><strong>et</strong></span> <span class='ocrx_word' id='word_1_18' title='bbox 863 569 969 643; x_wconf 87' lang='lat' dir='ltr'><strong>rebus</strong></span> <span class='ocrx_word' id='word_1_19' title='bbox 982 567 1086 642; x_wconf 89' lang='lat' dir='ltr'><strong>malis</strong></span> <span class='ocrx_word' id='word_1_20' title='bbox 1103 590 1271 666; x_wconf 90' lang='lat' dir='ltr'><strong>praecep-</strong></span> 
     </span>
     <span class='ocr_line' id='line_1_4' title="bbox 188 671 1273 768; baseline 0 -24"><span class='ocrx_word' id='word_1_21' title='bbox 188 678 263 744; x_wconf 89' lang='lat' dir='ltr'><strong>tum</strong></span> <span class='ocrx_word' id='word_1_22' title='bbox 281 671 380 747; x_wconf 90' lang='lat' dir='ltr'><strong>dabit</strong></span> <span class='ocrx_word' id='word_1_23' title='bbox 408 678 444 744; x_wconf 91' lang='lat' dir='ltr'><strong>et</strong></span> <span class='ocrx_word' id='word_1_24' title='bbox 460 672 597 745; x_wconf 86' lang='lat' dir='ltr'><strong>laetitia</strong></span> <span class='ocrx_word' id='word_1_25' title='bbox 618 671 781 744; x_wconf 88' lang='lat' dir='ltr'><strong>afficient.</strong></span> <span class='ocrx_word' id='word_1_26' title='bbox 809 671 916 746; x_wconf 83' lang='lat' dir='ltr'>Prius</span> <span class='ocrx_word' id='word_1_27' title='bbox 943 695 982 744; x_wconf 90' lang='lat' dir='ltr'><strong>os</strong></span> <span class='ocrx_word' id='word_1_28' title='bbox 1009 672 1190 746; x_wconf 91' lang='lat' dir='ltr'><strong>hominum</strong></span> <span class='ocrx_word' id='word_1_29' title='bbox 1208 696 1273 768; x_wconf 84' lang='lat' dir='ltr'><strong>gu·</strong></span> 
     </span>
     <span class='ocr_line' id='line_1_5' title="bbox 190 775 1273 869; baseline -0.001 -22"><span class='ocrx_word' id='word_1_30' title='bbox 190 775 259 847; x_wconf 87' lang='lat' dir='ltr'><strong>stui</strong></span> <span class='ocrx_word' id='word_1_31' title='bbox 276 777 351 849; x_wconf 86' lang='lat' dir='ltr'><strong>vini</strong></span> <span class='ocrx_word' id='word_1_32' title='bbox 370 775 425 848; x_wconf 87' lang='lat' dir='ltr'><strong>sui</strong></span> <span class='ocrx_word' id='word_1_33' title='bbox 442 776 640 869; x_wconf 80' lang='lat' dir='ltr'><strong>assuefecit,</strong></span> <span class='ocrx_word' id='word_1_34' title='bbox 665 783 706 848; x_wconf 91' lang='lat' dir='ltr'><strong>ut</strong></span> <span class='ocrx_word' id='word_1_35' title='bbox 732 776 814 848; x_wconf 90' lang='lat' dir='ltr'><strong>dein</strong></span> <span class='ocrx_word' id='word_1_36' title='bbox 832 783 868 848; x_wconf 90' lang='lat' dir='ltr'><strong>et</strong></span> <span class='ocrx_word' id='word_1_37' title='bbox 885 799 989 848; x_wconf 91' lang='lat' dir='ltr'><strong>aures</strong></span> <span class='ocrx_word' id='word_1_38' title='bbox 1007 799 1129 849; x_wconf 87' lang='lat' dir='ltr'><strong>eorum</strong></span> <span class='ocrx_word' id='word_1_39' title='bbox 1155 776 1273 849; x_wconf 89' lang='lat' dir='ltr'><strong>vince-</strong></span> 
     </span>
     <span class='ocr_line' id='line_1_6' title="bbox 188 878 1271 977; baseline -0.001 -25"><span class='ocrx_word' id='word_1_40' title='bbox 188 886 243 952; x_wconf 91' lang='lat' dir='ltr'><strong>ret</strong></span> <span class='ocrx_word' id='word_1_41' title='bbox 269 887 305 952; x_wconf 90' lang='lat' dir='ltr'><strong>et</strong></span> <span class='ocrx_word' id='word_1_42' title='bbox 330 880 375 953; x_wconf 90' lang='lat' dir='ltr'><strong>ad</strong></span> <span class='ocrx_word' id='word_1_43' title='bbox 400 880 638 977; x_wconf 80' lang='lat' dir='ltr'><strong>recipiendam</strong></span> <span class='ocrx_word' id='word_1_44' title='bbox 664 879 803 953; x_wconf 87' lang='lat' dir='ltr'><strong>dulcem</strong></span> <span class='ocrx_word' id='word_1_45' title='bbox 822 903 922 953; x_wconf 90' lang='lat' dir='ltr'><strong>suam</strong></span> <span class='ocrx_word' id='word_1_46' title='bbox 940 878 1135 953; x_wconf 84' lang='lat' dir='ltr'><strong>doctrinam</strong></span> <span class='ocrx_word' id='word_1_47' title='bbox 1160 879 1271 952; x_wconf 90' lang='lat' dir='ltr'><strong>addu-</strong></span> 
     </span>
     <span class='ocr_line' id='line_1_7' title="bbox 188 991 1044 1057; baseline 0.001 -3"><span class='ocrx_word' id='word_1_48' title='bbox 188 991 293 1057; x_wconf 87' lang='lat' dir='ltr'><strong>ceret.</strong></span> <span class='ocrx_word' id='word_1_49' title='bbox 1040 997 1044 1012; x_wconf 89' lang='lat'>&#39;</span> 
     </span>
    </p>

    <p class='ocr_par' dir='ltr' id='par_1_3' title="bbox 188 1085 1295 1496">
     <span class='ocr_line' id='line_1_8' title="bbox 291 1085 1271 1184; baseline -0.002 -23"><span class='ocrx_word' id='word_1_50' title='bbox 291 1087 495 1184; x_wconf 92' lang='lat' dir='ltr'><strong>Impleta</strong></span> <span class='ocrx_word' id='word_1_51' title='bbox 516 1094 624 1161; x_wconf 87' lang='lat' dir='ltr'><strong>sunt</strong></span> <span class='ocrx_word' id='word_1_52' title='bbox 643 1085 1271 1184; x_wconf 79' lang='lat' dir='ltr'><strong>tempora(Msuo.1,15),easci·</strong></span> 
     </span>
     <span class='ocr_line' id='line_1_9' title="bbox 188 1189 1271 1288; baseline 0.002 -26"><span class='ocrx_word' id='word_1_53' title='bbox 188 1189 283 1286; x_wconf 84' lang='lat' dir='ltr'><strong>licet,</strong></span> <span class='ocrx_word' id='word_1_54' title='bbox 310 1206 399 1288; x_wconf 90' lang='lat' dir='ltr'><strong>quae</strong></span> <span class='ocrx_word' id='word_1_55' title='bbox 417 1215 439 1263; x_wconf 94' lang='lat' dir='ltr'><strong>a</strong></span> <span class='ocrx_word' id='word_1_56' title='bbox 456 1192 682 1287; x_wconf 84' lang='lat' dir='ltr'><strong>generatione</strong></span> <span class='ocrx_word' id='word_1_57' title='bbox 703 1191 742 1264; x_wconf 89' lang='lat' dir='ltr'><strong>iu</strong></span> <span class='ocrx_word' id='word_1_58' title='bbox 767 1189 1031 1287; x_wconf 82' lang='lat' dir='ltr'><strong>generationem</strong></span> <span class='ocrx_word' id='word_1_59' title='bbox 1049 1191 1271 1288; x_wconf 91' lang='lat' dir='ltr'><strong>compleban-</strong></span> 
     </span>
     <span class='ocr_line' id='line_1_10' title="bbox 188 1294 1295 1392; baseline 0.003 -27"><span class='ocrx_word' id='word_1_60' title='bbox 188 1301 256 1368; x_wconf 88' lang='lat' dir='ltr'><strong>tur.</strong></span> <span class='ocrx_word' id='word_1_61' title='bbox 275 1295 397 1369; x_wconf 91' lang='lat' dir='ltr'><strong>Prima</strong></span> <span class='ocrx_word' id='word_1_62' title='bbox 413 1295 579 1392; x_wconf 89' lang='lat' dir='ltr'><strong>periodus</strong></span> <span class='ocrx_word' id='word_1_63' title='bbox 598 1302 673 1368; x_wconf 89' lang='lat' dir='ltr'><strong>erat</strong></span> <span class='ocrx_word' id='word_1_64' title='bbox 690 1298 734 1369; x_wconf 91' lang='lat' dir='ltr'><strong>ab</strong></span> <span class='ocrx_word' id='word_1_65' title='bbox 752 1294 890 1368; x_wconf 86' lang='lat' dir='ltr'><strong>Adamo</strong></span> <span class='ocrx_word' id='word_1_66' title='bbox 907 1317 1019 1392; x_wconf 90' lang='lat' dir='ltr'><strong>usque</strong></span> <span class='ocrx_word' id='word_1_67' title='bbox 1036 1295 1082 1367; x_wconf 89' lang='lat' dir='ltr'><strong>ad</strong></span> <span class='ocrx_word' id='word_1_68' title='bbox 1096 1295 1173 1368; x_wconf 72' lang='lat' dir='ltr'><strong>Noe</strong></span> <span class='ocrx_word' id='word_1_69' title='bbox 1192 1319 1272 1368; x_wconf 90' lang='lat' dir='ltr'><strong>cum</strong></span> <span class='ocrx_word' id='word_1_70' title='bbox 1292 1339 1295 1348; x_wconf 89' lang='lat'><em>·</em></span> 
     </span>
     <span class='ocr_line' id='line_1_11' title="bbox 188 1397 1275 1496; baseline 0.002 -26"><span class='ocrx_word' id='word_1_71' title='bbox 188 1398 341 1494; x_wconf 87' lang='lat' dir='ltr'><strong>foedere,</strong></span> <span class='ocrx_word' id='word_1_72' title='bbox 367 1399 462 1495; x_wconf 89' lang='lat' dir='ltr'><strong>quod</strong></span> <span class='ocrx_word' id='word_1_73' title='bbox 488 1399 645 1474; x_wconf 79' lang='lat' dir='ltr'><strong>Sethitae</strong></span> <span class='ocrx_word' id='word_1_74' title='bbox 672 1398 941 1491; x_wconf 87' lang='lat' dir='ltr'><strong>constituerunt,</strong></span> <span class='ocrx_word' id='word_1_75' title='bbox 968 1423 1077 1496; x_wconf 91' lang='lat' dir='ltr'><strong>quum</strong></span> <span class='ocrx_word' id='word_1_76' title='bbox 1102 1397 1275 1472; x_wconf 89' lang='lat' dir='ltr'><strong>afamilia</strong></span> 
     </span>
    </p>
   </div>
   <div class='ocr_carea' id='block_1_3' title="bbox 11 1497 1273 1600">
    <p class='ocr_par' dir='ltr' id='par_1_4' title="bbox 11 1497 1273 1600">
     <span class='ocr_line' id='line_1_12' title="bbox 11 1497 1273 1600; baseline 0 -26"><span class='ocrx_word' id='word_1_77' title='bbox 11 1515 12 1520; x_wconf 77' lang='grc'>’</span> <span class='ocrx_word' id='word_1_78' title='bbox 115 1517 118 1522; x_wconf 83' lang='grc'><em>“</em></span> <span class='ocrx_word' id='word_1_79' title='bbox 189 1500 411 1576; x_wconf 87' lang='lat' dir='ltr'><strong>Cainitarum</strong></span> <span class='ocrx_word' id='word_1_80' title='bbox 424 1525 461 1576; x_wconf 88' lang='lat' dir='ltr'><strong>se</strong></span> <span class='ocrx_word' id='word_1_81' title='bbox 481 1497 687 1600; x_wconf 81' lang='lat' dir='ltr'><strong>separarent</strong></span> <span class='ocrx_word' id='word_1_82' title='bbox 699 1511 735 1575; x_wconf 93' lang='lat' dir='ltr'><strong>et</strong></span> <span class='ocrx_word' id='word_1_83' title='bbox 748 1505 791 1576; x_wconf 91' lang='lat' dir='ltr'><strong>ab</strong></span> <span class='ocrx_word' id='word_1_84' title='bbox 810 1526 852 1575; x_wconf 90' lang='lat' dir='ltr'><strong>ea</strong></span> <span class='ocrx_word' id='word_1_85' title='bbox 865 1501 1096 1588; x_wconf 85' lang='lat' dir='ltr'><strong>discederent.</strong></span> <span class='ocrx_word' id='word_1_86' title='bbox 1111 1501 1273 1577; x_wconf 80' lang='lat' dir='ltr'><strong>Secunda</strong></span> 
     </span>
    </p>
   </div>
   <div class='ocr_carea' id='block_1_4' title="bbox 10 4156 18 4198">
    <p class='ocr_par' dir='ltr' id='par_1_5' title="bbox 10 4156 18 4198">
     <span class='ocr_line' id='line_1_13' title="bbox 10 4156 18 4198; baseline 0 0"><span class='ocrx_word' id='word_1_87' title='bbox 10 4156 18 4198; x_wconf 84' lang='lat' dir='ltr'><strong>l</strong></span> 
     </span>
    </p>
   </div>
   <div class='ocr_carea' id='block_1_5' title="bbox 183 1600 1274 3890">
    <p class='ocr_par' dir='ltr' id='par_1_6' title="bbox 185 1600 1273 2434">
     <span class='ocr_line' id='line_1_14' title="bbox 187 1600 1273 1704; baseline 0.001 -26"><span class='ocrx_word' id='word_1_88' title='bbox 187 1608 355 1702; x_wconf 88' lang='lat' dir='ltr'><strong>periodus</strong></span> <span class='ocrx_word' id='word_1_89' title='bbox 373 1632 395 1680; x_wconf 91' lang='lat' dir='ltr'><strong>a</strong></span> <span class='ocrx_word' id='word_1_90' title='bbox 411 1600 488 1681; x_wconf 73' lang='lat' dir='ltr'><strong>Not}</strong></span> <span class='ocrx_word' id='word_1_91' title='bbox 505 1631 618 1704; x_wconf 89' lang='lat' dir='ltr'><strong>usque</strong></span> <span class='ocrx_word' id='word_1_92' title='bbox 637 1607 682 1680; x_wconf 88' lang='lat' dir='ltr'><strong>ad</strong></span> <span class='ocrx_word' id='word_1_93' title='bbox 699 1607 964 1700; x_wconf 82' lang='lat' dir='ltr'><strong>Abrahamum,.</strong></span> <span class='ocrx_word' id='word_1_94' title='bbox 978 1631 1048 1704; x_wconf 91' lang='lat' dir='ltr'><strong>qua</strong></span> <span class='ocrx_word' id='word_1_95' title='bbox 1064 1607 1273 1703; x_wconf 86' lang='lat' dir='ltr'><strong>sanguinem</strong></span> 
     </span>
     <span class='ocr_line' id='line_1_15' title="bbox 187 1709 1273 1806; baseline 0.002 -26"><span class='ocrx_word' id='word_1_96' title='bbox 187 1711 371 1784; x_wconf 90' lang='lat' dir='ltr'><strong>comedere</strong></span> <span class='ocrx_word' id='word_1_97' title='bbox 387 1712 555 1785; x_wconf 89' lang='lat' dir='ltr'><strong>vestitum</strong></span> <span class='ocrx_word' id='word_1_98' title='bbox 572 1718 658 1784; x_wconf 89' lang='lat' dir='ltr'><strong>erat.</strong></span> <span class='ocrx_word' id='word_1_99' title='bbox 679 1710 800 1784; x_wconf 69' lang='lat' dir='ltr'><strong>“Dedi</strong></span> <span class='ocrx_word' id='word_1_100' title='bbox 811 1710 922 1802; x_wconf 85' lang='lat' dir='ltr'><strong>vobis,</strong></span> <span class='ocrx_word' id='word_1_101' title='bbox 940 1709 1066 1806; x_wconf 78' lang='lat' dir='ltr'><strong>inquit,</strong></span> <span class='ocrx_word' id='word_1_102' title='bbox 1079 1711 1207 1805; x_wconf 86' lang='lat' dir='ltr'><strong>omnia,</strong></span> <span class='ocrx_word' id='word_1_103' title='bbox 1226 1710 1273 1782; x_wconf 90' lang='lat' dir='ltr'><strong>si·</strong></span> 
     </span>
     <span class='ocr_line' id='line_1_16' title="bbox 186 1814 1272 1912; baseline 0.001 -27"><span class='ocrx_word' id='word_1_104' title='bbox 186 1815 260 1888; x_wconf 89' lang='lat' dir='ltr'><strong>cuti</strong></span> <span class='ocrx_word' id='word_1_105' title='bbox 278 1815 423 1889; x_wconf 89' lang='lat' dir='ltr'><strong>herbam</strong></span> <span class='ocrx_word' id='word_1_106' title='bbox 440 1815 528 1912; x_wconf 82' lang='lat' dir='ltr'><strong>agri,</strong></span> <span class='ocrx_word' id='word_1_107' title='bbox 546 1821 684 1888; x_wconf 85' lang='lat' dir='ltr'><strong>tantum</strong></span> <span class='ocrx_word' id='word_1_108' title='bbox 698 1814 906 1911; x_wconf 87' lang='lat' dir='ltr'><strong>sanguinem</strong></span> <span class='ocrx_word' id='word_1_109' title='bbox 920 1837 999 1886; x_wconf 91' lang='lat' dir='ltr'><strong>cum</strong></span> <span class='ocrx_word' id='word_1_110' title='bbox 1016 1815 1134 1888; x_wconf 86' lang='lat' dir='ltr'><strong>anima</strong></span> <span class='ocrx_word' id='word_1_111' title='bbox 1152 1838 1197 1887; x_wconf 91' lang='lat' dir='ltr'><strong>ne</strong></span> <span class='ocrx_word' id='word_1_112' title='bbox 1215 1837 1272 1886; x_wconf 91' lang='lat' dir='ltr'><strong>co-</strong></span> 
     </span>
     <span class='ocr_line' id='line_1_17' title="bbox 187 1917 1271 2016; baseline 0 -26"><span class='ocrx_word' id='word_1_113' title='bbox 187 1919 397 1994; x_wconf 72' lang='lat' dir='ltr'><strong>medatis²„.</strong></span> <span class='ocrx_word' id='word_1_114' title='bbox 415 1920 450 1994; x_wconf 83' lang='grc' dir='ltr'><strong>Α</strong></span> <span class='ocrx_word' id='word_1_115' title='bbox 468 1929 626 2016; x_wconf 90' lang='lat' dir='ltr'><strong>tempore</strong></span> <span class='ocrx_word' id='word_1_116' title='bbox 640 1919 835 1993; x_wconf 86' lang='lat' dir='ltr'><strong>Abrahami</strong></span> <span class='ocrx_word' id='word_1_117' title='bbox 853 1919 1024 2014; x_wconf 90' lang='lat' dir='ltr'><strong>usquead</strong></span> <span class='ocrx_word' id='word_1_118' title='bbox 1042 1917 1193 2016; x_wconf 89' lang='lat' dir='ltr'><strong>Moysen</strong></span> <span class='ocrx_word' id='word_1_119' title='bbox 1209 1941 1271 2016; x_wconf 90' lang='lat' dir='ltr'><strong>pe-</strong></span> 
     </span>
     <span class='ocr_line' id='line_1_18' title="bbox 188 2019 1271 2119; baseline -0.002 -23"><span class='ocrx_word' id='word_1_120' title='bbox 188 2023 310 2096; x_wconf 89' lang='lat' dir='ltr'><strong>riodus</strong></span> <span class='ocrx_word' id='word_1_121' title='bbox 329 2029 405 2097; x_wconf 89' lang='lat' dir='ltr'><strong>erat</strong></span> <span class='ocrx_word' id='word_1_122' title='bbox 421 2022 694 2097; x_wconf 88' lang='lat' dir='ltr'><strong>circumcisionis</strong></span> <span class='ocrx_word' id='word_1_123' title='bbox 713 2022 788 2096; x_wconf 91' lang='lat' dir='ltr'><strong>sine</strong></span> <span class='ocrx_word' id='word_1_124' title='bbox 806 2022 899 2118; x_wconf 85' lang='lat' dir='ltr'><strong>lege,</strong></span> <span class='ocrx_word' id='word_1_125' title='bbox 925 2029 961 2096; x_wconf 90' lang='lat' dir='ltr'><strong>ct</strong></span> <span class='ocrx_word' id='word_1_126' title='bbox 978 2046 999 2094; x_wconf 92' lang='lat' dir='ltr'><strong>a</strong></span> <span class='ocrx_word' id='word_1_127' title='bbox 1017 2021 1142 2119; x_wconf 85' lang='lat' dir='ltr'><strong>Moyse</strong></span> <span class='ocrx_word' id='word_1_128' title='bbox 1159 2019 1271 2118; x_wconf 84' lang='lat' dir='ltr'><strong>usqua</strong></span> 
     </span>
     <span class='ocr_line' id='line_1_19' title="bbox 187 2125 1272 2224; baseline -0.002 -23"><span class='ocrx_word' id='word_1_129' title='bbox 187 2127 235 2201; x_wconf 89' lang='lat' dir='ltr'><strong>ad</strong></span> <span class='ocrx_word' id='word_1_130' title='bbox 253 2135 368 2201; x_wconf 92' lang='lat' dir='ltr'><strong>ortum</strong></span> <span class='ocrx_word' id='word_1_131' title='bbox 383 2127 518 2201; x_wconf 80' lang='lat' dir='ltr'><strong>Christi</strong></span> <span class='ocrx_word' id='word_1_132' title='bbox 529 2126 696 2224; x_wconf 88' lang='lat' dir='ltr'><strong>periodus</strong></span> <span class='ocrx_word' id='word_1_133' title='bbox 710 2127 812 2222; x_wconf 83' lang='lat' dir='ltr'><strong>legis,</strong></span> <span class='ocrx_word' id='word_1_134' title='bbox 827 2125 956 2198; x_wconf 83' lang='lat' dir='ltr'><strong>exinde</strong></span> <span class='ocrx_word' id='word_1_135' title='bbox 970 2133 1131 2224; x_wconf 90' lang='lat' dir='ltr'><strong>tempora</strong></span> <span class='ocrx_word' id='word_1_136' title='bbox 1146 2126 1272 2224; x_wconf 92' lang='lat' dir='ltr'><strong>imple-</strong></span> 
     </span>
     <span class='ocr_line' id='line_1_20' title="bbox 185 2230 1273 2329; baseline -0.001 -25"><span class='ocrx_word' id='word_1_137' title='bbox 185 2239 226 2304; x_wconf 85' lang='lat' dir='ltr'><strong>ta</strong></span> <span class='ocrx_word' id='word_1_138' title='bbox 244 2239 336 2327; x_wconf 80' lang='lat' dir='ltr'><strong>sunt,</strong></span> <span class='ocrx_word' id='word_1_139' title='bbox 358 2232 441 2329; x_wconf 93' lang='lat' dir='ltr'><strong>quia</strong></span> <span class='ocrx_word' id='word_1_140' title='bbox 461 2254 564 2304; x_wconf 91' lang='lat' dir='ltr'><strong>nemo</strong></span> <span class='ocrx_word' id='word_1_141' title='bbox 584 2231 735 2328; x_wconf 89' lang='lat' dir='ltr'><strong>amplius</strong></span> <span class='ocrx_word' id='word_1_142' title='bbox 753 2238 818 2324; x_wconf 89' lang='lat' dir='ltr'><strong>est,</strong></span> <span class='ocrx_word' id='word_1_143' title='bbox 844 2230 905 2327; x_wconf 93' lang='lat' dir='ltr'><strong>qui</strong></span> <span class='ocrx_word' id='word_1_144' title='bbox 926 2237 1063 2304; x_wconf 90' lang='lat' dir='ltr'><strong>mutare</strong></span> <span class='ocrx_word' id='word_1_145' title='bbox 1091 2238 1211 2328; x_wconf 88' lang='lat' dir='ltr'><strong>posset</strong></span> <span class='ocrx_word' id='word_1_146' title='bbox 1236 2237 1273 2304; x_wconf 90' lang='lat' dir='ltr'><strong>et</strong></span> 
     </span>
     <span class='ocr_line' id='line_1_21' title="bbox 185 2335 412 2434; baseline 0.009 -26"><span class='ocrx_word' id='word_1_147' title='bbox 185 2335 412 2434; x_wconf 88' lang='lat' dir='ltr'><strong>amplificare.</strong></span> 
     </span>
    </p>

    <p class='ocr_par' dir='ltr' id='par_1_7' title="bbox 183 2434 1274 3890">
     <span class='ocr_line' id='line_1_22' title="bbox 290 2434 1269 2539; baseline -0.003 -25"><span class='ocrx_word' id='word_1_148' title='bbox 290 2440 429 2515; x_wconf 88' lang='lat' dir='ltr'><strong>Rursus</strong></span> <span class='ocrx_word' id='word_1_149' title='bbox 446 2445 586 2539; x_wconf 90' lang='lat' dir='ltr'><strong>tempus</strong></span> <span class='ocrx_word' id='word_1_150' title='bbox 605 2438 825 2538; x_wconf 86' lang='lat' dir='ltr'><strong>primaevum</strong></span> <span class='ocrx_word' id='word_1_151' title='bbox 842 2434 1043 2512; x_wconf 87' lang='lat' dir='ltr'><strong>voluntaria</strong></span> <span class='ocrx_word' id='word_1_152' title='bbox 1060 2438 1152 2510; x_wconf 91' lang='lat' dir='ltr'><strong>dona</strong></span> <span class='ocrx_word' id='word_1_153' title='bbox 1169 2439 1269 2512; x_wconf 89' lang='lat' dir='ltr'><strong>obtu-</strong></span> 
     </span>
     <span class='ocr_line' id='line_1_23' title="bbox 183 2541 1270 2642; baseline -0.003 -25"><span class='ocrx_word' id='word_1_154' title='bbox 183 2541 230 2617; x_wconf 91' lang='lat' dir='ltr'><strong>lit</strong></span> <span class='ocrx_word' id='word_1_155' title='bbox 247 2547 290 2619; x_wconf 91' lang='lat' dir='ltr'><strong>ab</strong></span> <span class='ocrx_word' id='word_1_156' title='bbox 308 2545 401 2620; x_wconf 84' lang='lat' dir='ltr'><strong>Abel</strong></span> <span class='ocrx_word' id='word_1_157' title='bbox 412 2569 524 2642; x_wconf 91' lang='lat' dir='ltr'><strong>usque</strong></span> <span class='ocrx_word' id='word_1_158' title='bbox 543 2545 588 2617; x_wconf 87' lang='lat' dir='ltr'><strong>ad</strong></span> <span class='ocrx_word' id='word_1_159' title='bbox 601 2545 689 2618; x_wconf 71' lang='lat' dir='ltr'><strong>Noe.</strong></span> <span class='ocrx_word' id='word_1_160' title='bbox 712 2541 984 2616; x_wconf 73' lang='lat' dir='ltr'><strong>uConsolabitur</strong></span> <span class='ocrx_word' id='word_1_161' title='bbox 997 2566 1073 2635; x_wconf 87' lang='lat' dir='ltr'><strong>nos,</strong></span> <span class='ocrx_word' id='word_1_162' title='bbox 1088 2542 1147 2635; x_wconf 84' lang='lat' dir='ltr'><strong>ait,</strong></span> <span class='ocrx_word' id='word_1_163' title='bbox 1162 2543 1270 2616; x_wconf 90' lang='lat' dir='ltr'><strong>sacri·</strong></span> 
     </span>
     <span class='ocr_line' id='line_1_24' title="bbox 184 2645 1269 2745; baseline 0 -25"><span class='ocrx_word' id='word_1_164' title='bbox 184 2647 276 2721; x_wconf 87' lang='lat' dir='ltr'><strong>ficiis</strong></span> <span class='ocrx_word' id='word_1_165' title='bbox 303 2647 416 2722; x_wconf 81' lang='lat' dir='ltr'><strong>suis⁵.</strong></span> <span class='ocrx_word' id='word_1_166' title='bbox 442 2649 629 2722; x_wconf 75' lang='lat' dir='ltr'><strong>DeinNot</strong></span> <span class='ocrx_word' id='word_1_167' title='bbox 649 2647 897 2745; x_wconf 64' lang='lat' dir='ltr'><strong>superamare,</strong></span> <span class='ocrx_word' id='word_1_168' title='bbox 924 2646 961 2718; x_wconf 91' lang='lat' dir='ltr'><strong>iu</strong></span> <span class='ocrx_word' id='word_1_169' title='bbox 986 2655 1104 2720; x_wconf 88' lang='lat' dir='ltr'><strong>monte</strong></span> <span class='ocrx_word' id='word_1_170' title='bbox 1133 2645 1269 2720; x_wconf 92' lang='lat' dir='ltr'><strong>Cordu-</strong></span> 
     </span>
     <span class='ocr_line' id='line_1_25' title="bbox 184 2749 1270 2847; baseline 0 -23"><span class='ocrx_word' id='word_1_171' title='bbox 184 2753 359 2825; x_wconf 70' lang='lat' dir='ltr'><strong>aeoruml</strong></span> <span class='ocrx_word' id='word_1_172' title='bbox 378 2760 607 2846; x_wconf 80' lang='lat' dir='ltr'><strong>exstructum²</strong></span> <span class='ocrx_word' id='word_1_173' title='bbox 634 2751 843 2824; x_wconf 86' lang='lat' dir='ltr'><strong>sacrificium</strong></span> <span class='ocrx_word' id='word_1_174' title='bbox 860 2749 998 2825; x_wconf 89' lang='lat' dir='ltr'><strong>obtulit.</strong></span> <span class='ocrx_word' id='word_1_175' title='bbox 1025 2753 1270 2847; x_wconf 86' lang='lat' dir='ltr'><strong>Sequebantur</strong></span> 
     </span>
     <span class='ocr_line' id='line_1_26' title="bbox 185 2854 1271 2949; baseline -0.002 -21"><span class='ocrx_word' id='word_1_176' title='bbox 185 2857 395 2930; x_wconf 90' lang='lat' dir='ltr'><strong>sacrificium</strong></span> <span class='ocrx_word' id='word_1_177' title='bbox 412 2855 606 2931; x_wconf 88' lang='lat' dir='ltr'><strong>Abrahami</strong></span> <span class='ocrx_word' id='word_1_178' title='bbox 623 2855 660 2927; x_wconf 94' lang='lat' dir='ltr'><strong>in</strong></span> <span class='ocrx_word' id='word_1_179' title='bbox 676 2861 794 2927; x_wconf 91' lang='lat' dir='ltr'><strong>monte</strong></span> <span class='ocrx_word' id='word_1_180' title='bbox 812 2855 1123 2949; x_wconf 74' lang='lat' dir='ltr'><strong>amorrhaeorum,</strong></span> <span class='ocrx_word' id='word_1_181' title='bbox 1151 2854 1271 2928; x_wconf 90' lang='lat' dir='ltr'><strong>Iacobi</strong></span> 
     </span>
     <span class='ocr_line' id='line_1_27' title="bbox 183 2951 1272 3057; baseline 0 -25"><span class='ocrx_word' id='word_1_182' title='bbox 183 2960 225 3032; x_wconf 91' lang='lat' dir='ltr'><strong>in</strong></span> <span class='ocrx_word' id='word_1_183' title='bbox 240 2961 380 3057; x_wconf 81' lang='lat' dir='ltr'><strong>Bethel,</strong></span> <span class='ocrx_word' id='word_1_184' title='bbox 404 2961 509 3034; x_wconf 89' lang='lat' dir='ltr'><strong>Iosue</strong></span> <span class='ocrx_word' id='word_1_185' title='bbox 535 2960 573 3032; x_wconf 90' lang='lat' dir='ltr'><strong>in</strong></span> <span class='ocrx_word' id='word_1_186' title='bbox 597 2959 750 3034; x_wconf 89' lang='lat' dir='ltr'><strong>transitu</strong></span> <span class='ocrx_word' id='word_1_187' title='bbox 776 2958 931 3030; x_wconf 88' lang='lat' dir='ltr'><strong>fluminis</strong></span> <span class='ocrx_word' id='word_1_188' title='bbox 948 2957 1121 3052; x_wconf 84' lang='lat' dir='ltr'><strong>Iordanis,</strong></span> <span class='ocrx_word' id='word_1_189' title='bbox 1147 2951 1272 3055; x_wconf 85' lang='lat' dir='ltr'><strong>postea</strong></span> 
     </span>
     <span class='ocr_line' id='line_1_28' title="bbox 185 3061 1271 3159; baseline -0.002 -24"><span class='ocrx_word' id='word_1_190' title='bbox 185 3065 358 3138; x_wconf 89' lang='lat' dir='ltr'><strong>sacrificia</strong></span> <span class='ocrx_word' id='word_1_191' title='bbox 384 3066 421 3138; x_wconf 93' lang='lat' dir='ltr'><strong>in</strong></span> <span class='ocrx_word' id='word_1_192' title='bbox 447 3064 532 3157; x_wconf 82' lang='lat' dir='ltr'><strong>silo,</strong></span> <span class='ocrx_word' id='word_1_193' title='bbox 558 3063 619 3138; x_wconf 92' lang='lat' dir='ltr'><strong>ubi</strong></span> <span class='ocrx_word' id='word_1_194' title='bbox 645 3061 910 3136; x_wconf 87' lang='lat' dir='ltr'><strong>tabernaculum</strong></span> <span class='ocrx_word' id='word_1_195' title='bbox 938 3063 1094 3159; x_wconf 91' lang='lat' dir='ltr'><strong>positum</strong></span> <span class='ocrx_word' id='word_1_196' title='bbox 1120 3068 1207 3155; x_wconf 84' lang='lat' dir='ltr'><strong>erat,</strong></span> <span class='ocrx_word' id='word_1_197' title='bbox 1234 3068 1271 3133; x_wconf 89' lang='lat' dir='ltr'><strong>et</strong></span> 
     </span>
     <span class='ocr_line' id='line_1_29' title="bbox 185 3164 1271 3265; baseline -0.004 -24"><span class='ocrx_word' id='word_1_198' title='bbox 185 3170 368 3265; x_wconf 85' lang='lat' dir='ltr'><strong>posthaec</strong></span> <span class='ocrx_word' id='word_1_199' title='bbox 383 3166 805 3250; x_wconf 79' lang='lat' dir='ltr'><strong>Salomonissacrificium</strong></span> <span class='ocrx_word' id='word_1_200' title='bbox 818 3166 983 3262; x_wconf 87' lang='lat' dir='ltr'><strong>inprime</strong></span> <span class='ocrx_word' id='word_1_201' title='bbox 997 3165 1130 3262; x_wconf 88' lang='lat' dir='ltr'><strong>templo</strong></span> <span class='ocrx_word' id='word_1_202' title='bbox 1143 3164 1271 3239; x_wconf 89' lang='lat' dir='ltr'><strong>Hiero-</strong></span> 
     </span>
     <span class='ocr_line' id='line_1_30' title="bbox 186 3268 1272 3369; baseline -0.004 -23"><span class='ocrx_word' id='word_1_203' title='bbox 186 3273 412 3369; x_wconf 83' lang='lat' dir='ltr'><strong>solymitano,</strong></span> <span class='ocrx_word' id='word_1_204' title='bbox 431 3279 466 3344; x_wconf 90' lang='lat' dir='ltr'><strong>et</strong></span> <span class='ocrx_word' id='word_1_205' title='bbox 485 3271 694 3344; x_wconf 89' lang='lat' dir='ltr'><strong>sacrificium</strong></span> <span class='ocrx_word' id='word_1_206' title='bbox 712 3268 859 3362; x_wconf 80' lang='lat' dir='ltr'><strong>Christi,</strong></span> <span class='ocrx_word' id='word_1_207' title='bbox 876 3270 969 3364; x_wconf 90' lang='lat' dir='ltr'><strong>quod</strong></span> <span class='ocrx_word' id='word_1_208' title='bbox 987 3269 1025 3342; x_wconf 92' lang='lat' dir='ltr'><strong>in</strong></span> <span class='ocrx_word' id='word_1_209' title='bbox 1043 3294 1107 3342; x_wconf 90' lang='lat' dir='ltr'><strong>sua</strong></span> <span class='ocrx_word' id='word_1_210' title='bbox 1123 3269 1272 3342; x_wconf 85' lang='lat' dir='ltr'><strong>ecclesia</strong></span> 
     </span>
     <span class='ocr_line' id='line_1_31' title="bbox 185 3372 1272 3473; baseline -0.002 -25"><span class='ocrx_word' id='word_1_211' title='bbox 185 3378 362 3473; x_wconf 87' lang='lat' dir='ltr'><strong>usquead</strong></span> <span class='ocrx_word' id='word_1_212' title='bbox 380 3375 714 3449; x_wconf 89' lang='lat' dir='ltr'><strong>consummationem</strong></span> <span class='ocrx_word' id='word_1_213' title='bbox 741 3372 962 3453; x_wconf 88' lang='lat' dir='ltr'><strong>sacculorum</strong></span> <span class='ocrx_word' id='word_1_214' title='bbox 980 3375 1179 3468; x_wconf 76' lang='lat' dir='ltr'><strong>constituit3</strong></span> <span class='ocrx_word' id='word_1_215' title='bbox 1205 3374 1272 3446; x_wconf 91' lang='lat' dir='ltr'><strong>hoc</strong></span> 
     </span>
     <span class='ocr_line' id='line_1_32' title="bbox 186 3477 1274 3577; baseline -0.003 -25"><span class='ocrx_word' id='word_1_216' title='bbox 186 3481 284 3553; x_wconf 87' lang='lat' dir='ltr'><strong>enim</strong></span> <span class='ocrx_word' id='word_1_217' title='bbox 300 3505 371 3554; x_wconf 92' lang='lat' dir='ltr'><strong>non</strong></span> <span class='ocrx_word' id='word_1_218' title='bbox 388 3479 539 3577; x_wconf 90' lang='lat' dir='ltr'><strong>amplius</strong></span> <span class='ocrx_word' id='word_1_219' title='bbox 557 3485 722 3551; x_wconf 89' lang='lat' dir='ltr'><strong>mutatur.</strong></span> <span class='ocrx_word' id='word_1_220' title='bbox 741 3478 845 3552; x_wconf 93' lang='lat' dir='ltr'><strong>Ideo:</strong></span> <span class='ocrx_word' id='word_1_221' title='bbox 876 3477 1062 3574; x_wconf 69' lang='lat' dir='ltr'><strong>“Impleta</strong></span> <span class='ocrx_word' id='word_1_222' title='bbox 1082 3484 1164 3551; x_wconf 89' lang='lat' dir='ltr'><strong>sunt</strong></span> <span class='ocrx_word' id='word_1_223' title='bbox 1184 3485 1274 3550; x_wconf 88' lang='lat' dir='ltr'><strong>tem-</strong></span> 
     </span>
     <span class='ocr_line' id='line_1_33' title="bbox 187 3580 1273 3682; baseline -0.005 -24"><span class='ocrx_word' id='word_1_224' title='bbox 187 3609 278 3682; x_wconf 89' lang='lat' dir='ltr'><strong>pora</strong></span> <span class='ocrx_word' id='word_1_225' title='bbox 292 3625 320 3680; x_wconf 70' lang='lat' dir='ltr'><strong>a,</strong></span> <span class='ocrx_word' id='word_1_226' title='bbox 339 3585 420 3682; x_wconf 91' lang='lat' dir='ltr'><strong>quic</strong></span> <span class='ocrx_word' id='word_1_227' title='bbox 437 3591 570 3680; x_wconf 85' lang='lat' dir='ltr'><strong>postea,</strong></span> <span class='ocrx_word' id='word_1_228' title='bbox 588 3588 628 3654; x_wconf 88' lang='lat' dir='ltr'><strong>ut</strong></span> <span class='ocrx_word' id='word_1_229' title='bbox 646 3582 695 3655; x_wconf 90' lang='lat' dir='ltr'><strong>ait</strong></span> <span class='ocrx_word' id='word_1_230' title='bbox 715 3581 957 3677; x_wconf 86' lang='lat' dir='ltr'><strong>Evangelista,</strong></span> <span class='ocrx_word' id='word_1_231' title='bbox 984 3605 1133 3677; x_wconf 88' lang='lat' dir='ltr'><strong>regnum</strong></span> <span class='ocrx_word' id='word_1_232' title='bbox 1160 3580 1273 3654; x_wconf 88' lang='lat' dir='ltr'><strong>caelo-</strong></span> 
     </span>
     <span class='ocr_line' id='line_1_34' title="bbox 188 3684 1272 3786; baseline -0.004 -23"><span class='ocrx_word' id='word_1_233' title='bbox 188 3713 271 3764; x_wconf 89' lang='lat' dir='ltr'><strong>rum</strong></span> <span class='ocrx_word' id='word_1_234' title='bbox 288 3687 589 3786; x_wconf 82' lang='lat' dir='ltr'><strong>erangelizabitur</strong></span> <span class='ocrx_word' id='word_1_235' title='bbox 602 3684 628 3758; x_wconf 70' lang='grc'><strong>5.</strong></span> <span class='ocrx_word' id='word_1_236' title='bbox 646 3687 734 3758; x_wconf 88' lang='lat' dir='ltr'><strong>Vel:</strong></span> <span class='ocrx_word' id='word_1_237' title='bbox 764 3709 778 3743; x_wconf 68' lang='grc' dir='ltr'><strong>ιι</strong></span> <span class='ocrx_word' id='word_1_238' title='bbox 795 3684 949 3782; x_wconf 86' lang='lat' dir='ltr'><strong>Impleta</strong></span> <span class='ocrx_word' id='word_1_239' title='bbox 967 3693 1049 3758; x_wconf 89' lang='lat' dir='ltr'><strong>sunt</strong></span> <span class='ocrx_word' id='word_1_240' title='bbox 1066 3692 1226 3782; x_wconf 86' lang='lat' dir='ltr'><strong>tempora</strong></span> <span class='ocrx_word' id='word_1_241' title='bbox 1242 3725 1272 3779; x_wconf 65' lang='lat' dir='ltr'><strong>a,</strong></span> 
     </span>
     <span class='ocr_line' id='line_1_35' title="bbox 190 3789 692 3890; baseline -0.014 -22"><span class='ocrx_word' id='word_1_242' title='bbox 190 3795 258 3868; x_wconf 89' lang='lat' dir='ltr'><strong>hoc</strong></span> <span class='ocrx_word' id='word_1_243' title='bbox 278 3801 343 3888; x_wconf 83' lang='lat' dir='ltr'><strong>est,</strong></span> <span class='ocrx_word' id='word_1_244' title='bbox 361 3800 522 3890; x_wconf 89' lang='lat' dir='ltr'><strong>tempora</strong></span> <span class='ocrx_word' id='word_1_245' title='bbox 537 3789 692 3890; x_wconf 71' lang='lat' dir='ltr'><strong>Israelis.</strong></span> 
     </span>
    </p>
   </div>
   <div class='ocr_carea' id='block_1_6' title="bbox 272 4025 1111 4258">
    <p class='ocr_par' dir='ltr' id='par_1_8' title="bbox 272 4025 1111 4258">
     <span class='ocr_line' id='line_1_36' title="bbox 272 4025 1111 4104; baseline -0.004 -17"><span class='ocrx_word' id='word_1_246' title='bbox 272 4032 299 4087; x_wconf 93' lang='lat'><strong>1.</strong></span> <span class='ocrx_word' id='word_1_247' title='bbox 321 4026 444 4086; x_wconf 81' lang='lat' dir='ltr'><strong>Scilicet</strong></span> <span class='ocrx_word' id='word_1_248' title='bbox 457 4025 555 4085; x_wconf 84' lang='lat' dir='ltr'><strong>tribus</strong></span> <span class='ocrx_word' id='word_1_249' title='bbox 569 4025 683 4104; x_wconf 48' lang='lat' dir='ltr'><strong>pueris*</strong></span> <span class='ocrx_word' id='word_1_250' title='bbox 697 4026 729 4084; x_wconf 91' lang='lat' dir='ltr'><strong>in</strong></span> <span class='ocrx_word' id='word_1_251' title='bbox 743 4025 864 4085; x_wconf 82' lang='lat' dir='ltr'><strong>camino</strong></span> <span class='ocrx_word' id='word_1_252' title='bbox 879 4025 957 4103; x_wconf 78' lang='lat' dir='ltr'><strong>ignis</strong></span> <span class='ocrx_word' id='word_1_253' title='bbox 970 4025 1111 4086; x_wconf 81' lang='lat' dir='ltr'><strong>serratis.</strong></span> 
     </span>
     <span class='ocr_line' id='line_1_37' title="bbox 272 4107 928 4178; baseline -0.003 -12"><span class='ocrx_word' id='word_1_254' title='bbox 272 4109 301 4166; x_wconf 87' lang='lat'><strong>2.</strong></span> <span class='ocrx_word' id='word_1_255' title='bbox 323 4107 396 4165; x_wconf 82' lang='lat' dir='ltr'><strong>Gru.</strong></span> <span class='ocrx_word' id='word_1_256' title='bbox 411 4109 440 4178; x_wconf 81' lang='lat'><strong>9,</strong></span> <span class='ocrx_word' id='word_1_257' title='bbox 454 4107 512 4166; x_wconf 81' lang='grc'><strong>3.4.</strong></span> <span class='ocrx_word' id='word_1_258' title='bbox 925 4123 928 4132; x_wconf 67' lang='lat'><strong>⁴</strong></span> 
     </span>
     <span class='ocr_line' id='line_1_38' title="bbox 274 4186 511 4258; baseline -0.013 -12"><span class='ocrx_word' id='word_1_259' title='bbox 274 4190 303 4246; x_wconf 84' lang='lat'><strong>3.</strong></span> <span class='ocrx_word' id='word_1_260' title='bbox 325 4186 399 4244; x_wconf 81' lang='lat' dir='ltr'><strong>Cur.</strong></span> <span class='ocrx_word' id='word_1_261' title='bbox 420 4187 448 4258; x_wconf 75' lang='lat' dir='ltr'><strong>t,</strong></span> <span class='ocrx_word' id='word_1_262' title='bbox 462 4187 511 4245; x_wconf 80' lang='lat'><strong>29.</strong></span> 
     </span>
    </p>
   </div>
   <div class='ocr_carea' id='block_1_7' title="bbox 133 4263 1271 4342">
    <p class='ocr_par' dir='ltr' id='par_1_9' title="bbox 133 4263 1271 4342">
     <span class='ocr_line' id='line_1_39' title="bbox 133 4263 1271 4342; baseline -0.007 -14"><span class='ocrx_word' id='word_1_263' title='bbox 133 4273 135 4278; x_wconf 87' lang='lat'>&#39;</span> <span class='ocrx_word' id='word_1_264' title='bbox 232 4317 241 4342; x_wconf 75' lang='grc'>,</span> <span class='ocrx_word' id='word_1_265' title='bbox 272 4270 300 4327; x_wconf 85' lang='lat'><strong>4.</strong></span> <span class='ocrx_word' id='word_1_266' title='bbox 320 4264 407 4324; x_wconf 88' lang='lat' dir='ltr'><strong>Idem</strong></span> <span class='ocrx_word' id='word_1_267' title='bbox 426 4263 457 4322; x_wconf 93' lang='lat' dir='ltr'><strong>in</strong></span> <span class='ocrx_word' id='word_1_268' title='bbox 478 4263 702 4326; x_wconf 76' lang='lat' dir='ltr'><strong>Commentario</strong></span> <span class='ocrx_word' id='word_1_269' title='bbox 722 4281 747 4322; x_wconf 87' lang='lat' dir='ltr'><strong>s.</strong></span> <span class='ocrx_word' id='word_1_270' title='bbox 767 4263 930 4340; x_wconf 84' lang='lat' dir='ltr'><strong>Ephraemi</strong></span> <span class='ocrx_word' id='word_1_271' title='bbox 949 4265 981 4324; x_wconf 90' lang='lat' dir='ltr'><strong>in</strong></span> <span class='ocrx_word' id='word_1_272' title='bbox 995 4264 1139 4325; x_wconf 76' lang='lat' dir='ltr'><strong>Genesim</strong></span> <span class='ocrx_word' id='word_1_273' title='bbox 1159 4266 1231 4324; x_wconf 91' lang='lat' dir='ltr'><strong>tom.</strong></span> <span class='ocrx_word' id='word_1_274' title='bbox 1246 4266 1271 4323; x_wconf 93' lang='grc' dir='ltr'><strong>Ι.</strong></span> 
     </span>
    </p>
   </div>
   <div class='ocr_carea' id='block_1_8' title="bbox 193 4344 528 4500">
    <p class='ocr_par' dir='ltr' id='par_1_10' title="bbox 193 4344 528 4500">
     <span class='ocr_line' id='line_1_40' title="bbox 193 4344 471 4426; baseline -0.014 -21"><span class='ocrx_word' id='word_1_275' title='bbox 193 4361 264 4426; x_wconf 78' lang='lat' dir='ltr'><strong>pag.</strong></span> <span class='ocrx_word' id='word_1_276' title='bbox 279 4345 335 4405; x_wconf 80' lang='lat'><strong>152</strong></span> <span class='ocrx_word' id='word_1_277' title='bbox 349 4344 471 4420; x_wconf 84' lang='lat' dir='ltr'><strong>legitur·</strong></span> 
     </span>
     <span class='ocr_line' id='line_1_41' title="bbox 274 4424 528 4500; baseline -0.028 -14"><span class='ocrx_word' id='word_1_278' title='bbox 274 4427 302 4486; x_wconf 81' lang='lat'><strong>5.</strong></span> <span class='ocrx_word' id='word_1_279' title='bbox 324 4424 397 4484; x_wconf 84' lang='lat' dir='ltr'><strong>Luc.</strong></span> <span class='ocrx_word' id='word_1_280' title='bbox 419 4425 465 4500; x_wconf 85' lang='lat'><strong>16,</strong></span> <span class='ocrx_word' id='word_1_281' title='bbox 482 4425 528 4483; x_wconf 89' lang='grc'><strong>16.</strong></span> 
     </span>
    </p>
   </div>
   <div class='ocr_carea' id='block_1_9' title="bbox 0 0 1614 5024">
    <p class='ocr_par' dir='ltr' id='par_1_11' title="bbox 0 0 1614 5024">
     <span class='ocr_line' id='line_1_42' title="bbox 0 0 1614 5024; baseline 0 0"><span class='ocrx_word' id='word_1_282' title='bbox 0 0 1614 5024; x_wconf 95' lang='lat' dir='ltr'><strong> </strong></span> 
     </span>
    </p>
   </div>
  </div>
 </body>
</html>
