3218 5026
316 313 359 382 as

418 442 551 514 Nunc
578 441 787 515 dimittis
815 440 1396 536 servumtuum,quiaconso-

315 544 484 618 lationem
501 546 624 642 populi
641 548 816 642 portabat,
843 552 879 618 et
905 545 1162 618 haereditatem
1189 545 1334 618 Israelis
1361 545 1398 615 in
1465 588 1469 592 -

314 649 476 723 manibus
490 653 634 723 tenebat
649 649 673 722 ⁴.
700 649 786 722 Alia
804 649 1012 746 explicatio:
1040 648 1158 737 Quum
1176 649 1277 720 illum
1305 647 1397 743 aspi-

315 759 423 845 ceret,
450 755 550 850 cujus
577 755 731 851 populus
756 753 872 826 Israel
894 761 970 826 erat
983 751 1009 847 ²,
1037 753 1146 824 dixit:
1170 753 1301 825 Nunc
1336 751 1397 823 di-

314 855 466 929 mittis
486 881 668 930 1611111
684 864 811 930 tuum
829 857 876 929 in
893 871 1028 955 pace,
1049 856 1153 929 sicuti
1170 863 1205 928 et
1222 856 1342 951 legem
1362 863 1398 926 et

317 961 564 1033 sacerdotium.
577 961 716 1034 Verba:
734 961 921 1034 “Dimittis
941 984 1083 1035 servum
1100 967 1201 1032 tuum
1218 960 1256 1033 in
1271 982 1396 1056 paces,

315 1063 359 1134 de
378 1061 548 1136 Simeone
558 1063 700 1160 quidem
714 1065 807 1138 dicta
825 1073 917 1160 sunt,
933 1065 996 1138 sed
1011 1071 1046 1137 61
1058 1064 1174 1160 legem
1189 1062 1399 1160 significant.

315 1167 458 1240 Simeon
475 1175 510 1240 et
528 1167 672 1264 Moyses
699 1168 910 1244 dimiserunt
936 1193 1024 1262 eam,
1050 1164 1217 1240 nimirum
1235 1169 1273 1240 in
1290 1191 1399 1264 pace;

316 1293 388 1343 non
406 1271 500 1344 enirn
518 1296 564 1344 ex
580 1271 765 1345 inimicitia
788 1273 880 1346 facta
906 1280 961 1345 est
986 1272 1144 1344 dimissio
1161 1272 1264 1368 legis,
1284 1272 1345 1344 sed
1362 1273 1400 1343 in

314 1376 485 1448 charitate
503 1385 539 1448 et
556 1399 642 1472 pace
660 1400 737 1450 eam
755 1377 837 1450 lecit
853 1400 1003 1450 cessare.
1031 1377 1133 1466 Quod
1151 1377 1255 1448 dicit:
1283 1375 1399 1446 Ecce

314 1479 542 1552 viderunt
576 1481 704 1552 oculi
730 1481 823 1554 mei
848 1480 1230 1554 misericordiam
1265 1486 1400 1573 tuam,

319 1607 450 1679 quam
477 1585 663 1682 parasti
690 1591 796 1658 ante
819 1609 975 1658 omnes
1001 1584 1214 1681 populos,
1233 1590 1402 1655 consonat

316 1710 393 1758 cum
421 1689 483 1761 illo
510 1689 586 1762 loco
600 1699 625 1760 τ’
648 1690 773 1762 “Eum
800 1712 922 1761 omnes
949 1695 1078 1784 gentes
1100 1686 1399 1784 expectabunta.

318 1791 680 1879 QuoddicittEcce
706 1793 780 1865 hic
807 1793 967 1865 statin
990 1792 1171 1866 ruinam
1198 1792 1401 1886 6111116-

319 1895 677 1990 surrectionem,
705 1897 800 1968 idem
819 1903 883 1990 est,
911 1897 1005 1992 quod
1022 1896 1091 1968 alio
1114 1896 1190 1967 loco
1217 1895 1403 1990 Scriptura

316 1999 424 2071 dicit:
445 2001 566 2072 “Ecce
584 2023 676 2096 pono
694 2001 733 2072 in
751 2000 836 2072 Sion
849 2000 1004 2096 lapidem
1021 1999 1223 2072 offensionis
1239 2005 1274 2070 et
1286 1999 1403 2094 quiin

318 2127 398 2174 eum
417 2103 539 2198 credit,
566 2128 638 2176 non
655 2103 888 2176 confundetur
900 2102 948 2178 ²⁸⁷2.
974 2104 1045 2179 Vel
1062 2102 1242 2196 intellige:
1268 2103 1312 2175 In
1330 2103 1403 2175 rui-

316 2231 397 2278 nam
413 2213 448 2279 et
459 2208 754 2280 resurrectionem
766 2209 890 2304 populi
904 2215 940 2280 et
958 2207 1128 2303 gentium,
1141 2206 1200 2279 vel
1213 2206 1251 2278 in
1263 2206 1403 2279 ruinam

315 2311 509 2408 injustitiae
528 2311 618 2384 etin
635 2313 930 2384 resurrectionem
943 2311 1115 2408 just'tiae.

419 2416 476 2487 Et
502 2415 547 2486 in
576 2415 759 2510 signum
778 2413 1179 2488 contradictionis
1206 2421 1251 2484 61
1276 2421 1401 2486 tuam

317 2517 473 2614 ipsius
500 2517 695 2591 animam
714 2518 740 2610 ὅ,
776 2519 859 2615 quia
891 2519 1034 2593 diversa
1058 2517 1259 2612 cogitabant
1289 2518 1334 2589 de
1361 2541 1402 2589 eo

317 2621 422 2692 multi
437 2621 615 2696 haeretici.
629 2623 804 2696 Nonnulli
817 2624 910 2694 enim
925 2623 1104 2697 dicebant:
1121 2619 1260 2716 Corpus
1274 2621 1404 2718 impas-

319 2725 421 2800 sibile
448 2727 650 2823 assumpsit,
676 2726 738 2798 alii
764 2727 948 2800 dicebant:
974 2727 1057 2800 Non
1082 2725 1120 2796 in
1145 2747 1230 2797 vcro
1257 2749 1403 2821 corpore

318 2829 617 2926 dispensationem
636 2855 736 2904 suam
754 2831 902 2926 perfecit
911 2829 937 2903 ⁶.
956 2830 1031 2904 Alii
1048 2851 1177 2924 corpus
1190 2829 1266 2924 ejus
1281 2830 1403 2902 dicunt

319 2938 500 3028 terrestre,
518 2934 580 3007 alii
598 2935 758 3007 coeleste.
786 2936 921 3007 Iterum
945 2932 1107 3006 nonnulli
1132 2933 1275 3005 dicunt:
1295 2933 1402 3008 Prius

320 3039 449 3130 extitit,
476 3063 582 3135 quam
607 3043 715 3130 terra,
742 3037 804 3110 alii
828 3061 932 3112 vero:
959 3038 1105 3111 Initium
1124 3038 1200 3134 ejus
1224 3037 1263 3110 in
1289 3037 1405 3111 Maria

319 3143 396 3215 fuit.
435 3141 763 3216 Pertransibit
801 3141 1034 3238 gladius⁷.
1075 3140 1225 3214 Gladius
1259 3142 1402 3238 quippe,
1502 3137 1505 3144 ’

320 3247 382 3342 qui
407 3245 536 3343 sepivit
561 3245 766 3342 paradisum
792 3253 939 3344 propter
963 3247 1088 3338 Evam,
1122 3245 1314 3320 tollebatur
1340 3269 1406 3343 per

225 3613 226 3616 ,
402 3558 428 3614 1.
450 3556 498 3616 Ad
518 3558 664 3618 verbum:
687 3558 819 3618 “Finem
834 3559 960 3618 Israelis
976 3559 1169 3623 custodiebat
1181 3593 1207 3624 „.
1233 3560 1304 3620 Vox
1324 3569 1403 3626 aaa„

322 3641 384 3688 ,rat
397 3633 476 3695 infra
489 3655 608 3715 quoque
621 3657 691 3717 pag.
706 3641 754 3712 33,
771 3639 791 3698 1.
808 3641 854 3714 13,
872 3639 1008 3715 “portia
1023 3640 1199 3700 haereditas
1212 3673 1225 3706 a
1242 3640 1402 3716 siguificat.

287 3791 290 3798 ,
400 3717 428 3772 2.
451 3717 524 3774 (iun.
544 3719 655 3792 49,15.

403 3796 431 3852 3.
452 3795 494 3854 Is.
519 3799 565 3870 11,
581 3799 627 3856 10.

400 3875 429 3931 4.
450 3875 493 3933 Ι6.
509 3878 538 3947 8,
554 3879 590 3935 14
611 3879 643 3934 et
656 3877 733 3935 Iton.
748 3879 776 3946 9,
792 3877 838 3933 33.

400 3955 429 4012 5.
450 3955 487 4012 In
500 3957 632 4032 utroque
647 3951 753 4015 'codiee
767 3954 815 4013 hic
831 3954 918 4014 locus
933 3958 1094 4014 truncatus
1108 3956 1269 4033 allegatur.

402 4035 430 4089 6.
451 4033 495 4092 lta
512 4035 605 4109 juxta
618 4037 738 4094 textum
753 4031 820 4094 cod.
836 4032 868 4090 Β.
884 4034 1001 4093 Textus
1014 4035 1182 4112 impressus
1195 4034 1274 4093 falso
1288 4034 1402 4092 habet:

323 4109 490 4172 Dicebant:
503 4113 574 4172 Non
588 4119 636 4172 est
648 4130 763 4188 verum,
778 4129 917 4188 corpore,
933 4111 1047 4186 dieunt,
1060 4115 1192 4190 perfecit
1204 4113 1403 4192 dispensatio-

324 4207 394 4247 nem
409 4206 504 4250 suam.
517 4191 567 4250 Ex
579 4191 626 4252 his
641 4211 666 4251 s.
680 4192 844 4270 Ephraemi
861 4191 949 4250 dietis
966 4196 1061 4270 patet,
1074 4194 1235 4271 Eutychen
1248 4196 1280 4251 et
1292 4191 1402 4251 Nesto·
1442 4250 1447 4260 ,

323 4269 402 4326 mum
416 4268 608 4348 antiquorum
623 4289 744 4332 errores
758 4270 930 4348 repetiisse.

404 4349 431 4406 7.
452 4349 490 4407 In
504 4349 571 4409 eod.
592 4351 633 4410 B:
657 4349 888 4410 “Pertransibis
909 4348 1042 4426 gladium
1055 4382 1080 4414 1.
1100 4351 1185 4410 Idem
1205 4351 1235 4409 in
1257 4369 1330 4410 mox
1354 4365 1400 4408 se·

198 4423 199 4426 ’
293 4437 294 4440 ’
326 4427 430 4500 quenti
442 4427 520 4488 1161.
