3218 5026
337 283 375 348 1r

337 389 399 490 qui
412 386 623 488 in‘catalogo
638 391 807 466 librorum
825 391 981 465 omnium
999 390 1313 464 ecelesiasticorum
1334 399 1416 490 post

336 509 530 584 recensitos
555 508 664 582 libros
691 531 808 582 sacros
826 533 857 582 a
876 516 912 581 et
938 532 972 581 n.
1000 508 1216 614 Testamenti
1242 515 1415 582 memorat

340 648 356 684 α
373 627 619 722 Evangelinm,
636 629 729 724 quod
746 627 949 725 compilavit
969 627 1025 700 vir
1042 627 1308 702 Alexandrinus
1328 629 1416 701 Arn-

338 743 488 838 monius‚
506 747 567 842 qui
586 753 622 819 et
647 744 828 840 [fotianus
854 746 1014 843 illudque
1040 745 1270 821 Diatessaron
1294 743 1416 843 appel·

337 855 426 936 lavit
437 904 465 940 a.
483 866 650 940 Errcrem
667 865 739 938 Bar
755 865 887 940 Bahlul
905 873 941 938 et
966 866 1185 940 Barhcbraei
1209 891 1316 964 supra
1340 887 1413 938 me·

338 989 512 1056 moratum
531 985 671 1083 repetit,
688 985 874 1058 Tatianum
887 984 1109 1060 confundens
1131 1009 1211 1058 cum
1226 982 1416 1060 Ammonio

235 1151 238 1158 -
338 1098 594 1178 Alexandrino.

440 1217 508 1292 His
523 1219 733 1293 testimoniis
749 1223 919 1317 Syrorum
931 1221 1028 1293 aliud
1041 1221 1201 1319 adjungit
1214 1220 1415 1296 Curctonus

339 1333 376 1404 in
409 1356 515 1431 opere
534 1360 597 1409 suo
617 1358 632 1392 s
649 1336 803 1411 Ancient
820 1336 944 1433 Syrias
962 1336 1178 1410 Documents
1195 1377 1210 1411 n
1229 1361 1264 1435 p.
1285 1343 1340 1434 15,
1352 1341 1414 1414 ubi

312 1479 313 1482 ¹
338 1474 384 1523 ex
397 1452 566 1549 opusculo
581 1453 724 1550 antiquo
739 1453 882 1549 Syriaco
899 1453 1096 1528 «nornine
1108 1455 1223 1528 Adaei
1236 1498 1250 1532 a
1264 1457 1412 1556 inscrip-

336 1575 372 1641 to
390 1571 476 1644 haee
492 1575 602 1646 verba
618 1573 768 1669 profert:
791 1595 806 1630 α
823 1571 982 1670 Populus
1010 1581 1128 1645 autern
1145 1574 1278 1648 multus
1298 1576 1413 1672 quoti·

334 1687 392 1760 die
406 1683 686 1788 congregabatur
699 1698 743 1764 et·
753 1692 983 1766 conveniebat
995 1692 1040 1765 ad
1053 1692 1245 1766 orationem
1261 1693 1299 1765 in
1312 1716 1413 1766 sacro

333 1806 530 1880 ministerio
557 1813 592 1879 et
617 1806 662 1879 ad
688 1794 952 1879 Testamentum
971 1814 1073 1882 vetus
1101 1816 1137 1880 et
1163 1831 1292 1882 novum
1311 1809 1413 1880 Dia-

334 1924 543 2000 thurnun
563 1932 599 1998 et
615 1924 653 1997 in
669 1926 779 1998 vitam
796 1933 1015 2000 mortuorum
1032 1927 1181 2000 credidit
1195 1934 1259 1999 etc.
1274 1927 1412 2004 „Cure-

333 2049 437 2117 tonus
463 2047 650 2118 obscurum
674 2045 881 2120 vocabulum
911 2044 1172 2118 “Diathurnun
1191 2082 1229 2138 e,
1254 2045 1348 2142 quod
1374 2046 1412 2118 in

333 2159 479 2256 Syriaco
497 2164 535 2236 in
552 2181 634 2235 casu
660 2163 819 2256 genitivu
845 2163 998 2260 positum
1024 2170 1089 2256 est,
1107 2163 1335 2236 Diatessaron
1360 2165 1411 2236 le·

333 2282 489 2374 gendum
506 2305 583 2353 esse
604 2283 640 2349 ct
657 2279 799 2352 Tatiani
824 2281 1055 2374 Diatessaron
1082 2279 1277 2376 significare
1308 2289 1410 2377 puta-

331 2399 393 2470 rit.
422 2401 466 2473 In
494 2399 707 2474 Armeniaca
731 2401 893 2473 versione
919 2401 1024 2496 hujus
1050 2399 1130 2488 loci,
1150 2423 1239 2497 quae
1269 2399 1307 2472 in
1324 2423 1411 2495 opu·

332 2517 429 2590 sculo
450 2518 644 2614 “Epistola
669 2519 837 2614 Abgarie
858 2519 1028 2616 inscripto
1054 2543 1088 2616 p.
1107 2522 1151 2592 33
1183 2519 1342 2613 habetur,
1360 2519 1413 2592 ita

330 2631 485 2728 legitur:
506 2659 521 2692 α
542 2635 701 2730 Populus
728 2635 861 2710 multus
887 2635 1042 2732 quotidie
1073 2637 1356 2731 congregabatur
1374 2643 1411 2707 et

333 2757 456 2828 orabat
474 2763 509 2828 et
532 2779 630 2829 sacro
647 2756 844 2829 ministerio
862 2755 1051 2830 assistebat
1077 2763 1112 2828 et
1129 2779 1208 2827 cum
1225 2753 1408 2847 antiquum

331 2881 368 2946 et
384 2899 514 2948 novum
532 2874 798 2947 Testamentum
817 2875 939 2948 auditu
957 2875 1184 2972 percepisset,
1201 2873 1238 2943 in
1258 2869 1410 2944 Trini-

329 3000 471 3066 tatem
498 2999 533 3065 et
557 2993 595 3064 in
620 2991 915 3064 resurrectionem
941 2997 977 3062 et
1003 2989 1040 3060 in
1057 2991 1164 3062 vitam
1191 2993 1409 3059 mortuorum

332 3114 482 3185 credidit
499 3153 526 3186 a.
541 3113 640 3185 Haec
657 3111 774 3184 versio
792 3111 921 3207 etipse
940 3114 1136 3199 contextus,
1150 3129 1218 3201 quo
1230 3104 1335 3176 lectio
1348 3129 1410 3176 an-

283 3293 284 3300 ,
330 3232 422 3330 tiqui
440 3239 475 3303 et
492 3229 576 3302 novi
589 3228 808 3302 Testamenti
826 3227 931 3300 simul
950 3231 1143 3298 memorata
1159 3229 1317 3321 apparet,
1336 3224 1410 3320 opi·

333 3349 473 3424 nionem
493 3347 663 3420 Curetoni
680 3346 783 3418 valde
802 3341 1070 3442 improbabilem
1092 3344 1254 3417 reddunt.

433 3464 595 3559 Denique
613 3467 832 3538 Assemanus
850 3464 887 3534 in
905 3463 946 3536 B.
967 3463 1026 3536 Or.
1045 3463 1074 3556 Ι,
1092 3486 1127 3558 p.
1141 3463 1206 3533 611
1233 3462 1327 3534 inter
1352 3485 1409 3534 co·

329 3581 424 3656 dices
441 3581 614 3656 Arabicos
631 3580 875 3654 Bibliothecae
892 3581 1084 3653 Vaticanae
1101 3587 1286 3652 recenset:
1307 3603 1322 3636 e
1340 3580 1408 3652 Ta·

263 3689 266 3692 ¹
328 3699 415 3770 tiani
432 3697 674 3787 Diatessaron,
694 3719 756 3768 seu
774 3703 923 3792 quatuor
942 3696 1138 3790 Evangelia
1154 3696 1193 3768 in
1212 3721 1321 3770 unum
1352 3721 1407 3770 re·

328 3818 430 3889 dacta
447 3854 473 3891 a.
504 3814 574 3888 Sed
602 3813 679 3909 ipsc
697 3816 915 3887 Assemanus
935 3813 972 3884 in
989 3814 1031 3886 Β.
1045 3815 1105 3887 Or.
1124 3814 1192 3908 IH,
1214 3836 1249 3912 p.
1269 3817 1312 3888 13
1339 3816 1405 3887 hoc

327 3955 416 4027 opus
430 3929 617 4002 Ammonio
635 3952 657 4000 a
673 3927 852 4001 nonnullis
870 3929 1023 4001 adscribi
1043 3929 1197 4004 adnotat.
1211 3930 1316 4004 Oard.
1330 3932 1404 4005 Mai

325 4047 363 4120 in
381 4070 487 4143 opere
508 4071 523 4104 α
541 4049 621 4121 Vet.
641 4048 963 4144 Scriptorumnova
980 4049 1184 4144 collection,
1206 4051 1272 4143 IV,
1293 4076 1326 4148 p.
1348 4053 1402 4146 14,

324 4165 389 4238 hoe
408 4167 684 4262 manuscriptum
697 4167 747 4238 ita
759 4165 949 4240 describit:
970 4189 985 4223 u
1003 4165 1270 4240 Sacrosanctum
1284 4169 1403 4243 Eran-

324 4280 515 4378 galium...
533 4283 893 4378 vulgoDiatessaron
911 4291 1151 4382 nuncupatum
1169 4291 1205 4356 et
1221 4287 1259 4358 in
1278 4287 1401 4360 sectio-
