3260 5020
319 331 389 403 244

318 461 370 532 tia
394 459 581 552 abstraxit,
610 455 774 531 Christus
802 480 941 554 quoque
970 459 1090 531 zelans
1118 457 1271 531 Satanae
1298 421 1415 536 unmn¹

319 585 366 634 ex
384 558 569 658 discipulis
587 561 664 656 ejus
682 560 826 655 eripuit,
846 568 980 633 etcum
998 584 1104 656 quem
1122 567 1270 657 propter
1292 564 1412 639 mimi-¹

318 687 365 736 na
381 664 418 737 vi
437 663 532 736 cruci
551 663 754 756 affixerunt,
772 671 920 758 propter
942 663 1049 735 fidem
1066 663 1150 736 fecit
1179 664 1215 735 in
1243 665 1412 739 libertate

252 822 268 832 ,
316 765 466 859 versari,
485 765 628 838 etsihic
645 765 855 838 cruciasset
875 765 1004 837 affixus
1020 765 1044 836 ¹.
1065 765 1164 838 Sicut
1181 767 1407 841 Satanas'ei·

315 862 410 960 feoit‘,
429 875 470 940 ut
501 867 563 939 ille
595 868 830 964 pergratiam
863 867 998 938 electus
1028 874 1176 964 propter
1205 869 1415 944 libertatem

315 974 489 1067 reprobus
521 977 557 1042 et
587 975 811 1064 contemptus
841 970 954 1060 ficret,
972 978 1078 1068 atque
1100 993 1167 1064 pro
1196 971 1325 1044 throno
1355 973 1410 1044 las
1467 1021 1470 1026 -

316 1073 447 1170 qucum
474 1073 522 1144 ei'
537 1071 688 1168 paravit,
706 1071 757 1143 ita
782 1079 819 1142 et
846 1071 1012 1146 Christus
1042 1073 1174 1144 latroni
1204 1097 1270 1170 pro
1301 1097 1405 1148 cruce

317 1175 416 1248 dedit
433 1173 861 1272 paradisumvoluptatis.
880 1174 974 1262 Quia
989 1199 1060 1246 non
1079 1175 1237 1270 decebat,
1255 1183 1296 1248 ut
1322 1177 1411 1266 illae·

315 1301 453 1370 manus,
472 1300 560 1373 quas
578 1277 684 1348 homo
702 1275 740 1347 in
756 1277 915 1351 mandati
932 1277 1218 1372 transgressione
1241 1280 1287 1352 ad
1306 1283 1410 1356 arbor

314 1403 391 1452 uem
410 1379 578 1452 scientiae
598 1379 819 1470 extenderat,
840 1378 960 1450 statim
987 1381 1266 1454 extenderentur
1287 1383 1333 1454 ad
1351 1405 1410 1454 ac-

224 1573 228 1578 ·
314 1482 480 1578 cipienda
497 1483 590 1554 dona
607 1480 686 1572 Dei,
705 1503 812 1574 quem
829 1480 891 1552 ille
917 1480 955 1551 in
986 1483 1112 1554 arbore
1139 1482 1234 1560 vitae
1265 1507 1409 1580 spreve-

315 1592 383 1675 rat,
402 1585 483 1656 ideo
498 1581 674 1656 Dominus
692 1581 794 1654 illum
812 1583 990 1654 hominem
1018 1583 1170 1680 sumpsit
1188 1585 1276 1657 etin
1302 1608 1407 1658 cruce

314 1686 491 1780 alligavit,
516 1693 557 1756 ut
584 1683 805 1756 occideretur
830 1707 926 1758 mors
941 1683 967 1778 2,
994 1709 1085 1780 quae
1112 1711 1191 1758 eum
1220 1687 1409 1782 eruderat,

316 1795 352 1860 et
370 1789 422 1862 sic
440 1789 485 1860 ad
502 1809 603 1859 suam
617 1785 728 1858 vitam
746 1785 911 1858 dilectam
930 1789 1144 1880 perveniret.
1163 1789 1269 1862 Ideo:
1290 1789 1408 1862 “Me-

318 1914 427 1984 cum,
446 1890 624 1983 aitaris
650 1888 698 1959 in
722 1887 860 1960 horto
886 1889 1204 1986 voluptatist.

419 1993 651 2066 Memento
685 1989 793 2082 mci,
822 1990 1037 2085 Domine,
1065 1993 1112 2066 in
1138 2017 1286 2088 regno
1315 2003 1415 2068 tuos

315 2094 409 2182 Quia
426 2091 645 2166 oculis-fidei
672 2101 756 2164 suae
782 2093 953 2164 honorem
980 2093 1124 2166 Domini
1150 2096 1226 2168 loco
1252 2097 1403 2192 ignomi-

312 2196 405 2290 niae,
424 2204 461 2269 et
482 2196 633 2291 gloriam
661 2197 738 2291 ejus
761 2217 826 2290 pro
852 2195 1052 2268 humilitate
1076 2197 1177 2288 vidit,
1196 2199 1305 2272 dixit:
1324 2199 1405 2272 Me·'

310 2307 431 2376 mento
448 2299 530 2392 mei,
558 2297 725 2392 quoniam
751 2297 788 2368 in
816 2297 867 2368 eis
889 2321 980 2392 quae
997 2322 1092 2370 nunc
1118 2301 1155 2372 in
1181 2299 1337 2374 clavibus
1364 2306 1408 2373 et'

311 2425 415 2474 cruce
442 2405 627 2498 apparent,
654 2423 725 2470 non
751 2397 882 2472 oblitus
910 2424 988 2472 sum
1014 2424 1165 2496 regnum
1187 2409 1223 2473 et
1248 2402 1399 2497 gloriam

311 2509 422 2596 tuam,
439 2527 531 2598 quae
549 2502 587 2574 iu
604 2503 673 2574 fine
693 2509 798 2572 eruut
815 2509 851 2572 et
868 2525 964 2573 nunc
980 2506 1135 2576 nondum
1154 2513 1338 2600 apparent.

416 2605 537 2692 Quum·
547 2603 722 2675 Dominus
736 2603 896 2694 vidisset,
911 2605 1017 2676 fidem
1032 2607 1107 2702 ejus
1121 2606 1190 2679 fide
1206 2607 1409 2682 multorum

309 2729 389 2778 esse
416 2706 596 2800 majorem,
615 2727 682 2778 neo
709 2729 790 2777 curn
808 2707 852 2778 dc
879 2707 954 2779 suis
979 2710 1166 2803 angustiis,
1184 2710 1248 2782 sed
1274 2711 1319 2782 de
1344 2735 1400 2783 re-

308 2809 476 2881 missione
503 2815 728 2904 peocatorum
755 2808 921 2904 cogitare,
949 2833 1035 2905 prae
1061 2812 1183 2884 multis
1211 2812 1292 2886 aliis
1317 2817 1407 2889 eum¹

308 2904 560 3006 magnificavit
578 2912 626 2982 Et
643 2910 728 3008 quia
747 2911 784 2981 in
802 2910 876 2982 suis
895 2913 1061 3008 precibus
1078 2937 1150 2986 non
1169 2914 1326 2988 celerem
1341 2938 1399 2987 re·

307 3013 537 3087 tributionem
556 3013 640 3086 fidei
663 3036 746 3086 suae
774 3013 974 3108 petierat53
993 3039 1073 3087 nam
1101 3041 1233 3112 parvus
1259 3025 1295 3089 et
1315 3017 1399 3090 vilis

308 3115 385 3210 ipse
406 3117 473 3190 sibi
503 3119 711 3212 apparebat,
738 3137 817 3188 cum
849 3117 942 3190 latro
972 3125 1082 3211 esset,
1112 3119 1194 3192 ideo
1224 3119 1401 3192 Dominus
1448 3177 1454 3181 -

249 3231 275 3282 ἣ
309 3217 401 3289 dona
419 3243 484 3302 sua
501 3226 640 3292 remota
654 3217 878 3311 acceleravit,
898 3221 1065 3314 deditque
1092 3222 1293 3316 proximam
1317 3245 1400 3320 pro·

307 3319 525 3416 missionem,
552 3321 696 3394 dicens:
718 3321 862 3392 “Hodie
881 3361 910 3414 a,
928 3329 964 3394 et
995 3345 1066 3394 non
1095 3323 1134 3396 in
1164 3324 1234 3396 fine
1266 3323 1399 3402 mundi.

307 3421 540 3519 Locupletem
576 3446 662 3519 crgo
688 3422 968 3496 misericordiam
1005 3449 1104 3498 suam
1139 3427 1308 3522 ostendit,
1334 3451 1401 3526 per

307 3549 415 3620 quam
446 3527 571 3598 eadem
601 3526 705 3618 hora,
738 3549 809 3619 qua
839 3525 944 3598 fidem
976 3551 997 3599 a
1027 3527 1165 3600 latrone
1191 3537 1315 3602 mutuo
1343 3552 1403 3602 ac·

306 3629 421 3723 cepit,
449 3629 483 3702 ei
519 3628 631 3723 gratis
667 3628 840 3700 immensa
873 3629 965 3701 dona
1003 3629 1179 3722 reddidit,
1214 3631 1402 3708 thesauros

264 3797 267 3802 .
306 3754 397 3804 surosv
415 3731 527 3828 gratis
555 3751 675 3803 coram
701 3752 742 3802 eo
770 3729 907 3823 effudit,
925 3731 1046 3803 statim
1063 3731 1101 3802 in
1128 3755 1229 3804 suum
1258 3735 1401 3830 paradi-2

306 3855 384 3906 sum
403 3857 484 3906 eum
501 3831 687 3906 transtulit
708 3839 744 3906 et
759 3831 892 3906 ibidem
917 3833 1158 3926 introductum·
1186 3858 1295 3932 super
1321 3837 1401 3932 the-

387 4053 413 4106 1.
435 4050 538 4108 Locus
552 4050 600 4110 hio
615 4067 655 4109 ex
669 4049 736 4109 cod.
746 4051 772 4108 B
784 4053 942 4110 correctus
957 4051 1014 4109 est.
1025 4051 1062 4109 In
1077 4047 1145 4112 cod.
1158 4051 1187 4110 A
1200 4067 1312 4125 magna
1328 4055 1398 4129 ejus
1465 4079 1469 4089 ·

303 4127 519 4265 ‘pamileildcc
533 4223 596 4268 vox
611 4223 651 4264 ex
665 4205 733 4264 cod.
754 4206 780 4267 B
803 4205 921 4266 inserta
945 4208 1006 4278 eat,
1028 4206 1167 4283 Sequens
1189 4205 1343 4268 sententia
1356 4225 1397 4266 ex

305 4283 412 4342 eodem
427 4276 783 4344 codieecorreotua'est.

384 4364 413 4421 3.
435 4361 484 4424 sic
499 4361 529 4420 in
544 4363 612 4424 cod·
625 4361 783 4440 Blegitur.
