3260 5020
692 644 925 722 CAPUT
967 648 1107 724 XXI.

435 965 487 1038 ln
526 987 685 1047 manus
730 969 836 1036 tuas
886 963 1152 1037 commendo
1195 964 1419 1062 spiritum

332 1067 487 1139 meum.
515 1065 646 1141 Divina
664 1067 740 1162 ejus
770 1072 899 1139 natura
929 1067 1120 1139 humanam
1151 1069 1422 1164 commendavit,

334 1192 415 1240 nam
434 1169 498 1242 illa
522 1171 613 1243 hane
639 1169 677 1240 in
702 1169 866 1265 passione
893 1167 1100 1241 deseruerat
1126 1177 1162 1241 et
1187 1169 1420 1265 reliquerat

333 1270 416 1342 Non
443 1272 493 1344 ita
519 1274 563 1344 ab
589 1272 809 1350 humanitate
840 1270 1005 1343 discessit
1035 1271 1214 1365 divinitae,
1240 1279 1282 1344 ut
1308 1276 1352 1346 ab
1380 1297 1423 1347 ea

333 1374 613 1468 abscinderetur,
632 1374 750 1446 sedin
776 1373 908 1446 virtute
936 1373 1031 1445 1111Ξ
1057 1377 1101 1448 ab
1128 1374 1243 1468 occiso
1271 1382 1307 1446 et
1331 1377 1422 1448 occi-

333 1478 472 1551 soribus
490 1477 696 1550 abscondita
716 1482 780 1548 est.
808 1477 847 1549 Si
874 1476 968 1547 enim
994 1475 1164 1549 divinitas
1185 1477 1421 1573 apparuisset,

331 1575 362 1651 is
380 1581 442 1675 qui
459 1579 594 1652 occisus
621 1586 687 1672 est,
705 1601 776 1650 non
806 1578 993 1670 timuisset,
1015 1586 1051 1650 et
1083 1579 1114 1650 si
1141 1581 1231 1651 haec
1261 1579 1421 1653 revelata

333 1689 439 1776 esset,
459 1682 631 1755 occisores
650 1705 731 1754 eum
748 1705 818 1752 non
832 1680 1031 1778 potuissent
1057 1681 1227 1753 occidere.
1248 1681 1420 1755 Attamen

332 1785 454 1858 divina
470 1791 598 1858 natura
626 1785 817 1858 humanam
848 1785 1073 1856 conservavit
1094 1792 1130 1856 et
1147 1783 1348 1877 custodivit,
1375 1807 1420 1857 ne

330 1888 476 1983 periret,
493 1911 603 1983 quum
620 1894 749 1960 natura
765 1885 968 1958 custodiens
987 1885 1055 1959 sibi
1073 1886 1214 1958 conscia
1234 1892 1270 1958 et
1292 1893 1421 1960 natura

332 1991 507 2064 custodita
522 1990 617 2061 haud
636 1989 704 2062 sibi
722 1988 861 2060 conscia
879 1995 973 2060 esset
982 1987 1009 2059 ⁵.
1019 1988 1150 2060 Postea
1163 1995 1283 2060 autem
1292 1989 1421 2062 divini·

331 2097 388 2163 tas
407 2117 444 2164 se
462 2092 702 2178 manifestavit
715 2090 888 2186 utrisque,
905 2091 1030 2184 occiso,
1041 2091 1207 2186 quianon
1224 2099 1303 2163 erat
1319 2091 1422 2164 relic·

331 2199 390 2266 tus
404 2193 431 2286 1,
451 2202 487 2268 11
504 2195 730 2288 occisoribus,
756 2192 840 2288 quia
867 2216 955 2288 opus
987 2216 1088 2266 suum
1121 2217 1194 2265 non
1223 2201 1421 2289 potuerunt

332 2297 515 2391 perficere,
533 2296 713 2389 nimirum,
740 2295 943 2390 sepulcrum
974 2296 1151 2368 custodire
1181 2302 1216 2367 et
1242 2302 1419 2368 mortuum

331 2397 370 2468 in
397 2423 438 2471 eo
474 2401 647 2472 detinere.
682 2397 960 2471 Promissionem
996 2421 1096 2470 suam
1125 2397 1306 2476 ,Dominus
1341 2398 1420 2494 ipso

330 2499 422 2572 facto
449 2502 658 2575 mortalibus
690 2500 922 2591 confirmavit,
946 2501 1137 2573 ostendens
1164 2507 1200 2572 et
1224 2523 1332 2596 opere
1360 2501 1421 2572 de-

330 2611 544 2697 monstrans,
569 2603 761 2676 humanam
788 2625 888 2674 suam
906 2610 1070 2675 naturam
1093 2603 1168 2698 pati
1190 2625 1308 2700 posse,
1338 2603 1422 2700 quia

330 2705 517 2779 manifeste
550 2711 710 2778 mortuus
734 2710 799 2798 est,
826 2705 1001 2800 simulque
1021 2707 1254 2801 comprobans
1281 2705 1419 2799 eosqui

329 2809 461 2880 mortui
479 2815 572 2901 sunt,
591 2808 806 2892 reviviscere
832 2831 948 2903 posse.
976 2807 1076 2878 Deus
1101 2807 1214 2901 igitur
1233 2806 1420 2880 resuscita-

328 2907 382 2982 vit
400 2934 481 2982 eum
500 2918 537 2982 et
553 2911 642 2983 fides
660 2913 736 3008 ejus
749 2910 792 2981 'in
817 2909 1043 2982 audientibus
1071 2911 1277 2984 confirmata
1297 2915 1362 3002 est,
1380 2915 1418 2981 et

328 3011 492 3087 inimicus
523 3013 663 3108 culpam
686 3019 723 3086 et
752 3011 1080 3084 condemnationem
1111 3035 1212 3086 suam
1242 3011 1418 3106 cognovit,

329 3138 439 3208 quum
471 3116 523 3188 sol
555 3119 860 3207 obtenebraretur,
889 3115 1010 3188 velum
1036 3114 1163 3211 templi
1186 3115 1419 3207 scinderetur,

330 3219 494 3292 custodes
521 3219 722 3293 conturbati
747 3219 915 3312 fugerent
941 3224 977 3290 et
1003 3216 1168 3313 sepulcra
1194 3216 1421 3316 aperirentur

331 3323 368 3390 et
385 3321 514 3392 mortui
532 3329 772 3416 resurgerent.

433 3422 470 3494 N
471 3431 550 3496 atus
582 3432 637 3498 est
662 3425 761 3497 Deus
791 3421 924 3497 homini
966 3421 1107 3516 unitus,
1133 3445 1205 3494 non
1234 3420 1421 3494 nativitate

333 3545 506 3618 personae
529 3550 612 3600 suae
628 3526 663 3620 ¹⁵,
681 3527 742 3599 sed
773 3525 960 3599 nativitate
987 3531 1136 3598 naturae
1164 3525 1231 3598 sibi
1258 3524 1422 3620 conjunc·

411 3755 437 3810 1.
458 3753 596 3830 Respicit
610 3773 633 3812 s.
651 3758 761 3814 auctor
774 3755 814 3812 ad
828 3757 942 3814 verba:
960 3772 973 3802 a
988 3755 1071 3812 Deus
1097 3772 1193 3829 meus,
1215 3755 1299 3812 Deus
1323 3769 1421 3827 meus,

330 3828 365 3882 ut
380 3829 452 3903 quid
467 3831 656 3908 dereliquisti
670 3849 718 3891 me
733 3863 759 3892 s.

410 3909 438 3962 2.
459 3908 508 3966 Ad
522 3912 668 3968 verbum:
686 3925 768 3990 “per
792 3909 940 3970 virtutem
969 3928 1055 3968 suam
1068 3941 1095 3984 a,
1108 3909 1129 3965 i·
1150 3928 1178 3968 e.
1200 3908 1300 3985 quoad
1321 3906 1424 3966 effica-

330 3982 455 4041 citatem
472 3988 595 4046 virtutis
610 4007 694 4047 suae.

410 4063 437 4117 3.
460 4063 508 4122 Sic
524 4083 565 4123 ex
580 4066 771 4126 correctione
786 4065 851 4126 cod.
862 4067 897 4124 Β.
912 4065 961 4124 Ad
972 4066 1101 4124 verbum
1111 4065 1188 4124 haec
1203 4063 1358 4123 sententis
1372 4063 1416 4121 sie

329 4136 487 4227 redditur:
506 4157 624 4218 “quum
640 4144 691 4202 illa
705 4144 882 4202 custodiens
906 4144 1009 4214 sciret,
1025 4147 1058 4202 11
1080 4144 1158 4202 haec
1183 4142 1337 4202 custodita
1356 4158 1418 4202 non

330 4218 427 4272 sciret
438 4247 466 4279 a·
481 4217 511 4276 S.
525 4220 619 4280 Pster
632 4220 672 4280 ad
685 4239 797 4298 corpus
812 4221 926 4282 Christi
937 4223 968 4280 in
982 4221 1123 4298 sepulcro
1138 4220 1277 4298 respicit.

410 4295 440 4350 4.
461 4295 586 4356 Scilicet
598 4300 630 4356 111
643 4299 795 4376 sepulcro.

412 4371 440 4430 5.
461 4373 487 4433 Ι.
505 4391 531 4434 o.
546 4392 608 4436 non
622 4395 683 4453 qua
694 4378 789 4455 Deus,
802 4378 835 4435 in
847 4379 959 4438 natura
974 4375 1086 4436 divina.
