3218 5024
327 493 374 543 va
391 467 513 540 faeiem
534 474 629 540 tuam
650 475 685 541 et
696 490 795 562 ‘unge
819 472 924 564 caput
945 471 1042 537 tuum
1063 501 1078 537 a
1107 463 1151 535 ad
1178 463 1349 560 mysteria
1373 472 1410 538 te

329 572 491 646 invitant.
511 571 582 660 Qui
595 573 699 668 ungit
712 576 817 668 oaput
830 594 943 664 suum,
961 571 992 642 is
1007 575 1073 660 est,
1091 567 1151 663 qui
1168 567 1411 664 impinguatur

327 675 476 748 seientia
491 675 570 769 Dei,
589 681 625 746 11
643 676 704 772 qui
721 675 846 748 faeiem
866 697 966 746 suam
983 668 1090 764 lavat,
1103 671 1227 744 faoiem
1247 673 1413 770 spiritua-

326 778 413 851 lium
432 803 574 853 suarum
591 779 798 852 facultatum
816 804 838 850 a
857 779 960 850 sorde
979 776 1136 848 mundat.
1163 775 1217 848 De
1234 776 1412 850 interiori·

326 885 394 956 bus
413 907 498 979 ergo
517 884 686 957 membris
712 883 779 956 hoe
805 888 1034 979 praeceptum
1051 880 1171 977 aooipe
1199 887 1235 951 11
1260 872 1378 953 laval
1396 923 1411 935 ·

326 986 416 1058 oiem
430 986 575 1083 spiritus
588 988 641 1060 tui
658 1011 680 1058 a
693 989 797 1060 sorde
811 985 1017 1082 injustitiae,
1034 991 1071 1056 et
1084 1007 1179 1080 unge
1193 989 1299 1080 eaput
1310 990 1411 1056 tuum

327 1091 526 1184 sanctitate,
546 1097 586 1164 ut
604 1089 739 1164 Christi
757 1113 900 1163 consors
919 1087 1111 1160 efficiaris..

432 1193 1409 1292 Silumen,qu0dinteest,tenebraesunt,

327 1294 349 1368 i.
369 1321 399 1368 e.
419 1297 449 1370 si
467 1322 532 1395 per
550 1298 791 1394 eleemosynas
805 1298 830 1392 ⁴,
847 1321 936 1394 quae
955 1295 1092 1368 lucidae
1117 1303 1210 1388 suut,
1227 1295 1250 1366 i.
1271 1319 1301 1366 e.
1319 1318 1410 1390 quae

324 1401 530 1497 justificant,
547 1426 682 1499 peeoas,
700 1409 830 1498 quanto
848 1401 962 1496 magis
978 1424 1043 1496 per
1060 1406 1214 1497 peecata,
1241 1421 1331 1495 quae
1350 1401 1411 1472 ob-

268 1531 271 1538 ·
326 1507 526 1578 tenebrant.
553 1503 780 1578 Adulterium
801 1513 837 1578 et
856 1503 1078 1601 blasphemia
1103 1527 1150 1575 ex
1175 1527 1246 1574 una
1270 1507 1410 1574 tantum

326 1615 428 1705 parte
447 1610 600 1706 spectari
613 1617 771 1706 possunt,
789 1610 872 1706 quia
884 1608 974 1681 nihil
986 1608 1083 1680 aliud
1097 1613 1190 1700 suut,
1208 1629 1314 1703 quam
1327 1629 1410 1678 oau-

327 1734 387 1784 sae
405 1713 738 1816 transgressionum,
752 1715 997 1809 eleemosynae
1015 1719 1133 1784 autem
1150 1709 1328 1806 duplioem
1344 1711 1407 1783 ha·

327 1817 414 1890 bent
439 1816 575 1911 faciem,
602 1817 733 1914 quippe
760 1841 861 1914 quae,
889 1817 919 1889 si
943 1818 1118 1890 humanae
1145 1815 1279 1910 gloriae
1304 1836 1412 1886 causa

328 1919 468 2014 dantur,
486 1923 531 1993 ad
549 1921 865 2017 transgressionem
883 1921 1091 2018 perducunt,
1105 1919 1136 1990 si
1148 1925 1267 1990 autem
1284 1941 1410 1990 manus

328 2023 461 2097 datoris
488 2025 533 2097 ad
557 2025 704 2098 fratrem
730 2025 950 2120 indigentem
968 2047 1013 2096 ex
1031 2022 1201 2096 charitate
1229 2045 1266 2094 se
1285 2028 1409 2096 exten-

328 2125 427 2223 dunt,
442 2128 548 2202 etiam
562 2128 792 2224 cogitationes
810 2129 854 2201 ad
867 2129 995 2220 Deum,
1013 2128 1074 2224 qui
1086 2126 1261 2219 retribuit,
1274 2125 1410 2224 pertin·

328 2239 425 2326 gent,
461 2240 502 2304 ut
535 2233 720 2328 Scriptura
753 2231 861 2332 dioitr
896 2231 986 2306 Ubi
1012 2229 1229 2304 thesauri
1255 2229 1408 2303 vestri

328 2343 447 2430 sunt,
474 2336 539 2410 ibi
566 2343 705 2409 erunt
732 2343 777 2408 11
803 2335 941 2409 eorda
965 2342 1138 2408 vestra.

431 2440 598 2512 Nolite
619 2439 839 2536 judicare
866 2437 1000 2535 (Mara.
1029 2435 1407 2533 7,1)‚h.e.injuste‚

328 2565 381 2613 111
403 2541 697 2637 judioemini,
723 2545 759 2616 h.
778 2567 808 2616 1.
837 2545 880 2616 ob
907 2542 1126 2639 injustitiam.
1152 2540 1407 2632 Dimittite,

329 2652 375 2716 11
401 2645 674 2720 dimittetur
699 2645 1408 2744 1111161111.6,37),1.1.111111111111

315 2771 318 2777 ’
322 2749 464 2845 justitia
474 2750 622 2847 judicat,
649 2750 803 2823 dimittat
819 2774 863 2822 ex
883 2750 1007 2846 gratia,
1024 2757 1074 2844 ut,
1103 2749 1133 2821 si
1150 2749 1227 2845 ipse
1246 2749 1284 2820 in
1303 2749 1410 2846 justi-

327 2853 378 2924 tia
388 2854 616 2950 judicabitur,
635 2855 749 2950 gratia
766 2853 1030 2926 condonationis
1047 2854 1176 2950 dignus
1194 2853 1407 2926 inveniatur.
1434 2913 1437 2918 .

291 2969 296 2978 ‘
327 2958 404 3029 Aut
420 2965 567 3056 propter
578 2959 729 3054 judiees,
748 2957 809 3054 qui
827 2982 865 3030 11
884 2956 981 3055 ipsos
994 2957 1186 3050 vindicant,
1201 2957 1310 3029 dixit:
1328 2959 1410 3030 No-

326 3059 416 3133 lite
433 3062 573 3159 p'unir
584 3087 614 3157 e,
631 3063 653 3134 1.
670 3087 699 3134 1.
715 3061 825 3134 nolite
839 3061 877 3134 in
890 3063 1035 3159 propria
1047 3083 1153 3134 eausa
1171 3085 1310 3133 sumere
1330 3085 1412 3156 sup·

328 3164 486 3261 plioium,
504 3165 563 3239 vel
579 3167 689 3239 nolite
702 3166 863 3263 judicare
878 3189 924 3237 ex
941 3165 1201 3238 verosimilibus
1219 3172 1255 3236 11
1273 3188 1319 3237 ex
1337 3165 1412 3262 opi-

328 3267 492 3342 nionibus
507 3276 543 3341 11
559 3271 719 3366 protinus
744 3269 882 3365 punire,
910 3269 973 3341 sed
997 3270 1136 3364 arguite
1156 3274 1191 3340 et
1213 3269 1410 3341 admonete.

434 3372 521 3460 Qui
546 3375 697 3466 habet,
734 3373 924 3444 dabitur
952 3373 1004 3465 ei,
1041 3377 1085 3443 et
1121 3372 1198 3468 qui
1232 3396 1317 3444 non
1342 3374 1413 3446 ha-

331 3475 421 3568 bet,
446 3477 599 3570 etiam,
621 3477 739 3574 quod
766 3483 903 3572 putat
925 3497 970 3548 se
992 3476 1177 3568 habere,
1199 3477 1415 3549 auferent

330 3579 383 3650 ab
401 3601 450 3650 eo
469 3581 567 3675 (Luc.
580 3585 612 3676 8,
634 3583 704 3675 18),
722 3585 763 3652 ut
779 3579 888 3653 illud:
910 3579 1009 3668 “Qui
1025 3580 1132 3676 habet
1148 3603 1253 3652 aures
1271 3580 1415 3652 audien-

330 3681 380 3777 di,
396 3684 516 3756 audiat
528 3725 557 3778 a,
572 3686 594 3758 i.
614 3711 643 3758 e.
662 3685 789 3781 quibus
808 3708 911 3756 aures
926 3684 1071 3778 spiritus
1084 3683 1121 3756 in
1136 3683 1279 3758 auribus
1293 3707 1415 3780 eorpo-

330 3787 381 3859 ris
401 3795 512 3882 erant,
530 3796 571 3860 ut
589 3788 772 3887 spirituale
787 3789 862 3884 ejus
882 3790 1029 3861 verbum
1047 3787 1221 3880 audirent,
1246 3789 1303 3861 his
1329 3791 1415 3861 ube-

330 3891 472 3986 riorem,
494 3918 599 3987 quam
617 3900 723 3966 antea
737 3893 925 3986 habebant,
950 3891 1145 3964 doctrinam
1163 3897 1200 3964 et
1224 3891 1416 3965 institutio-

331 4017 414 4066 nem
432 3996 539 4069 dedit.
557 3999 693 4070 Verum
710 3996 793 4090 illis,
813 3996 873 4092 qui
890 3998 1073 4092 putabant,
1088 4019 1126 4068 se
1138 3996 1282 4087 habere,
1295 3999 1415 4069 abstu-

190 4134 191 4137 ¹
332 4097 376 4170 lit
402 4105 438 4171 11
461 4100 539 4194 hoo,
566 4102 660 4198 quod
685 4101 871 4195 habebant,
898 4108 939 4173 ut
965 4099 1192 4172 dictumest:
1222 4099 1416 4174 “Videndo

415 4364 442 4420 1.
462 4361 510 4422 Ex
524 4361 591 4422 eod.
605 4363 630 4419 B
644 4361 693 4423 hio
708 4363 793 4425 loeus
809 4365 969 4424 eorreotus
984 4363 1040 4438 est,
1060 4361 1111 4437 qui
1125 4363 1155 4419 in
1169 4363 1237 4422 eod.
1252 4363 1278 4420 A
1293 4377 1416 4422 sensum

341 4459 447 4501 sanum
461 4461 521 4503 non
535 4439 639 4504 habet.
