3256 5012
215 451 359 528 sabbato
377 491 391 525 n
406 475 414 544 3
432 449 546 526 hiems
564 449 656 522 enim
684 449 784 547 quies
811 455 865 521 est
891 449 1004 522 omnis
1030 447 1160 524 laboris
1186 451 1291 524 unius

214 553 308 648 anni,
327 561 362 627 et
388 557 571 629 sabbatum
589 553 696 649 quies
717 559 852 649 septem
873 551 1023 648 dierum,
1040 553 1077 624 id
1104 561 1169 649 est,
1191 555 1291 651 quies

213 657 251 735 in
267 658 324 730 die
341 659 513 732 adventus
531 657 619 755 ejus,
636 667 676 729 ut
693 655 731 728 in
749 655 818 728 alio
835 655 912 728 loeo
926 655 1077 730 dieitur:
1097 657 1290 754 Hucusque

214 767 284 836 stat
301 763 486 836 sabbatum
503 760 573 832 Dei
586 760 611 854 ¹,
629 759 713 858 quia
737 761 922 832 sabbatum
939 760 1018 832 finis
1047 766 1102 832 est
1122 783 1291 858 operum:

216 864 586 960 Orate,utdigni
612 863 724 936 sitis
744 863 1046 937 eximiab'his
1068 865 1291 959 omnibus,
1356 870 1361 881 '

214 989 327 1062 quae
354 975 555 1042 uentura
590 972 708 1059 sunt.
740 966 841 1041 Haeo
870 989 1028 1064 quoque,
1058 973 1099 1040 ut
1129 969 1291 1042 nonnulli

119 1109 122 1115 ·
214 1071 405 1168 explicant,
423 1073 467 1144 de
485 1070 667 1170 punitione
684 1070 765 1144 urbi
782 1069 979 1143 Ierusalem
1000 1070 1153 1144 instante
1170 1071 1292 1146 Domi-

214 1197 280 1248 nus
307 1175 408 1270 dixit,
426 1175 621 1272 iisdemque
640 1175 761 1248 verbis
788 1173 895 1246 finem
920 1175 1042 1246 mundi
1069 1175 1289 1272 significavit.

208 1277 320 1352 urit
346 1279 478 1354 vobis
504 1281 625 1374 fuga,
653 1278 737 1374 quia
753 1276 942 1373 trepidatio
965 1285 1001 1350 et
1028 1303 1139 1376 angor
1166 1279 1203 1350 in
1228 1280 1292 1352 illa

215 1385 474 1457 resurreetione
493 1383 736 1480 apprehendet
754 1405 889 1476 omnes,
905 1381 966 1477 qui
988 1405 1059 1454 non
1083 1383 1231 1480 perfecti
1248 1381 1294 1462 ed

218 1509 295 1559 eom
314 1488 471 1562 ueniunt.
489 1487 565 1562 Alii
578 1488 710 1580 dieunt,
724 1487 769 1558 ad
788 1485 881 1557 solos
894 1485 1086 1582 Apostolos
1104 1488 1191 1560 haee
1202 1488 1297 1563 diota

217 1613 306 1685 esse,
324 1600 374 1687 ut,
385 1593 423 1664 ¹si
440 1591 529 1666 feria
557 1597 660 1664 sexta
676 1590 739 1663 sol
757 1590 956 1662 defecturus
982 1589 1039 1681 sit,
1058 1594 1296 1666 confortaren-

218 1701 286 1767 tur.
304 1695 417 1769 Porro
436 1697 507 1769 ait:
529 1689 605 1768 “In
623 1694 768 1767 sabbato
786 1732 814 1787 a,
833 1691 976 1789 quiade
996 1696 1141 1768 sabbato
1165 1696 1190 1768 J
1191 1697 1295 1769 udaei
1417 1711 1421 1718 ·

210 1799 461 1895 jactabantur,
479 1805 539 1870 et:
559 1820 574 1855 u
591 1799 630 1871 in
646 1797 763 1870 hieme
780 1837 808 1890 a,
827 1797 910 1892 quia
929 1796 1062 1892 frigida
1077 1807 1141 1872 est.
1241 1825 1242 1828 ¹

321 1901 377 1974 Et
403 1903 442 1976 si
467 1902 590 1974 Deus
616 1924 705 1974 uon
742 1899 1078 1976 abbreviasset
1103 1902 1204 1975 dies
1244 1905 1295 1976 il·
1372 1935 1375 1942 ·

218 2003 406 2100 los,non
434 2005 712 2080 salvaretur
738 2003 885 2077 omnis
912 2025 1030 2076 earo.
1048 2007 1131 2080 Non
1147 2007 1296 2080 forsitan
1358 2093 1360 2104 Α

217 2131 386 2182 numerus
405 2109 542 2182 dierum
560 2131 639 2182 oum
666 2108 739 2181 suis
765 2105 863 2192 horis
888 2107 1070 2203 minuitur,
1090 2110 1152 2184 sed
1177 2111 1297 2208 ipsum

217 2218 357 2309 tempus
374 2214 482 2286 breve
500 2219 555 2284 est
570 2217 716 2310 propter
735 2212 877 2306 eleetos,
895 2235 940 2284 ne
963 2215 1149 2308 engratiae
1176 2239 1296 2288 eorum
1378 2299 1385 2310 Ι

216 2315 509 2412 multiplicentur,
528 2318 589 2389 sed
608 2316 857 2391 abbreviantur
871 2317 893 2388 i.
909 2339 940 2390 e.
957 2317 1155 2416 redemptio
1166 2319 1295 2392 veniat.

320 2419 451 2510 Illud
490 2413 770 2493 momentum
808 2442 937 2498 nemo
978 2421 1080 2516 seit,
1107 2445 1189 2494 neo
1214 2424 1298 2496 An-

219 2521 328 2617 geli,
353 2547 438 2596 neo
464 2523 634 2597 Filius.
652 2522 755 2620 Quod
774 2521 876 2616 dixit,
893 2528 934 2596 ut
955 2546 1015 2597 eos
1034 2525 1234 2623 impediret,
1251 2549 1297 2598 ne

218 2649 299 2700 eum
325 2624 368 2697 de
394 2634 570 2700 momento
596 2621 771 2700 aduentus
796 2627 852 2700 sui
877 2626 1149 2724 interrogarent.
1182 2631 1298 2703 “Non

217 2737 274 2803 est
287 2734 457 2824 uestrum,
476 2731 536 2823 ait,
554 2729 644 2802 seire
663 2731 738 2804 dies
757 2737 793 2803 et
809 2737 969 2827 tempora
986 2771 1001 2806 a
1018 2733 1044 2826 ²,
1067 2734 1130 2807 sed
1153 2736 1298 2808 abscou-

171 2886 172 2890 ,
216 2833 306 2906 didit
331 2832 405 2927 illa,
431 2841 471 2906 ut
496 2832 686 2928 vigilemus
713 2841 749 2907 et
775 2833 892 2930 quivis
918 2843 1078 2910 nostrum
1105 2837 1297 2930 existimet,

216 2938 311 3034 quod
327 2960 392 3010 suo
411 2943 568 3034 tempore
586 2936 715 3010 veniet.
735 2937 773 3011 Si
794 2937 887 3008 enim
904 2939 1110 3034 revelasset,
1127 2963 1196 3037 quo
1210 2945 1297 3011 tem-

215 3063 301 3139 pore
318 3047 491 3116 venturus
510 3039 566 3134 sit,
585 3039 757 3113 adventus
774 3041 850 3136 ejus
868 3039 1025 3115 insulsus
1050 3043 1162 3116 faetus
1192 3049 1297 3136 esset,

216 3167 282 3220 nee
311 3145 464 3242 amplius
496 3144 757 3217 desideraretur
775 3167 796 3215 a
815 3143 982 3239 gentibus.
1006 3152 1042 3218 et
1071 3147 1233 3240 saeculis,
1260 3145 1297 3218 in

216 3247 343 3345 quibus
361 3248 587 3324 revelabitur.
606 3246 727 3342 Dixit,
744 3247 838 3344 quod
856 3247 994 3339 veniet,
1013 3248 1076 3322 sed
1105 3274 1176 3323 non
1194 3249 1297 3344 dixit,

218 3352 358 3448 quando
388 3353 518 3446 veniet,
549 3359 584 3424 et
618 3352 669 3424 ita
695 3373 816 3424 omnes
843 3352 1089 3447 generationes
1117 3362 1153 3426 et
1178 3375 1299 3427 saeeu-

219 3454 257 3527 la
270 3455 434 3530 ardenter
448 3481 528 3531 eum
546 3461 743 3553 expectant.
763 3454 932 3543 Quamuis
950 3456 1050 3529 enim
1064 3457 1237 3532 Dominus
1255 3448 1301 3531 si-

220 3580 292 3656 gna
304 3557 475 3633 adrentus
490 3559 545 3634 sui
558 3559 798 3654 constitueret,
810 3583 1030 3656 nequaquam
1048 3568 1166 3635 tamen
1181 3585 1302 3634 eurum

221 3660 394 3736 terminus
411 3663 517 3758 plane
534 3663 758 3759 intelligitur,
775 3687 856 3736 nam
873 3663 959 3739 haee
985 3664 1087 3760 signa
1112 3664 1301 3762 multiplici

219 3764 414 3838 mutatione
431 3777 605 3840 venerunt
618 3774 654 3839 et
670 3766 899 3858 transierunt,
916 3767 1023 3840 immo
1037 3776 1073 3842 et
1090 3770 1204 3842 adhue
1220 3792 1299 3866 per·

222 3874 328 3941 stant.
347 3870 540 3944 Extremus
559 3871 652 3944 enim
671 3871 746 3968 ejus
764 3871 936 3944 adventus
954 3872 1065 3968 priori
1092 3873 1217 3946 similis
1237 3879 1299 3945 est.

222 3971 525 4061 Quemadmodum
543 3974 636 4046 enirn
657 3974 747 4071 justi
766 3981 801 4047 et
818 3974 1011 4072 prophetae
1030 4000 1109 4050 eum
1136 3983 1300 4076 expecta·

222 4083 317 4172 runt,
335 4084 512 4176 putantes,
530 4100 610 4152 eum
629 4078 702 4152 suis
720 4078 845 4152 diebus
861 4079 1024 4175 revelari,
1042 4081 1092 4155 ita
1109 4082 1213 4158 etiam
1240 4081 1302 4156 ho-

304 4341 330 4396 1.
351 4339 400 4398 Ad
413 4340 505 4398 Hune.
520 4344 547 4418 4,
562 4345 589 4400 9.

304 4419 332 4475 2.
353 4419 425 4477 Aur.
436 4419 491 4478 Ar.
508 4423 534 4494 1,
551 4423 578 4479 t.
