3280 5028
336 361 403 434 rot

333 493 518 591 septies
547 489 682 586 (Mars.
712 495 767 587 18,
796 494 868 587 21).
897 493 993 566 Sed¹
1025 513 1134 563 unum
1160 495 1297 562 tantum
1323 488 1417 563 diem

333 597 463 670 Petrus
482 597 555 668 irae
574 595 753 689 concedat,
771 621 816 668 ne
834 597 889 670 ira
900 620 965 692 per
978 619 1128 692 paucum
1147 615 1254 690 super
1266 593 1419 666 multum

334 701 534 773 dominetur
547 697 574 770 ².
588 699 649 771 Ira
667 699 761 772 enim
779 707 814 772 et
831 700 953 772 amieis
971 701 1046 796 ejus
1059 697 1075 743 ³
1089 705 1125 769 et
1141 695 1294 770 inimicis
1311 697 1421 770 noxia

255 887 258 894 ,
334 811 400 896 est,
421 811 457 876 et
475 806 518 876 ab
534 797 579 874 'ea
597 826 746 876 aceensa
770 806 896 877 ardent
915 810 1040 875 cuncta
1066 801 1159 874 mala
1184 807 1354 896 tanquam
1372 824 1419 874 ex

330 909 423 982 malo
441 907 608 996 thesauro
627 913 732 1002 atque
747 932 811 1016 per
830 931 930 981 suam
948 906 1129 1005 andaciam
1147 909 1313 1002 proterve
1330 905 1418 977 fines

330 1011 603 1107 transgreditur,
616 1017 657 1082 ut
674 1011 815 1108 integro
833 1012 905 1084 diei
923 1011 1132 1082 dominetur.
1151 1009 1237 1081 Ideo
1255 1005 1418 1080 Medicus

331 1122 562 1212 praevertens
581 1115 761 1188 obstruxit
778 1117 872 1189 viam
891 1122 927 1187 et
944 1115 1124 1208 integrum
1142 1111 1236 1184 diem
1261 1111 1417 1183 reconoi-

333 1217 470 1292 liationi
501 1218 576 1314 ejus
605 1216 780 1314 submisit,
799 1219 943 1296 dicens:
965 1218 1121 1316 «Usque
1148 1215 1194 1288 ad
1215 1215 1419 1311 septuagies

248 1336 251 1341 '
334 1323 467 1418 septies
486 1321 618 1416 septies
637 1362 664 1396 s.
688 1323 862 1411 Quoniam
880 1323 1010 1395 Petrus
1029 1318 1258 1412 existimavit,
1276 1319 1419 1392 modum

333 1426 411 1498 dari
429 1425 692 1499 misericordiae
711 1435 747 1498 et
765 1451 951 1500 numerum
970 1425 1176 1521 gratiarum,
1188 1430 1223 1496 et
1236 1421 1339 1494 illum
1347 1447 1420 1494 nu·

334 1553 471 1602 merum
499 1529 575 1601 dies
593 1537 629 1601 et
653 1525 759 1604 horas
787 1555 868 1604 suas
894 1532 1036 1623 habere,
1054 1529 1228 1600 Dominus
1254 1550 1335 1597 eum
1361 1545 1417 1599 ar·

332 1631 462 1728 guitot
493 1634 659 1726 correxit,
690 1635 773 1731 quia
803 1659 988 1708 numerum
1019 1630 1239 1707 remissionis
1269 1653 1417 1704 numero

332 1736 656 1832 transgressionum
675 1740 891 1835 superiorem
909 1737 1037 1836 posuit.
1051 1735 1184 1833 quuis
1202 1733 1295 1805 enim
1310 1734 1415 1806 toties

333 1839 371 1912 in
390 1841 447 1912 die
473 1841 663 1937 peeeabit?
688 1843 745 1915 Ne
772 1850 889 1916 autem
915 1841 1046 1914 Petrus
1072 1839 1252 1912 convietus
1280 1861 1326 1910 ex
1349 1837 1416 1910 hae

331 1951 433 2039 parte
465 1943 655 2016 Dominum
673 1945 831 2042 ¹vinceret
862 1945 1067 2038 aerusando,
1097 1943 1192 2040 quod
1222 1965 1287 2038 per
1317 1965 1418 2038 spem

331 2047 481 2121 istarum
520 2048 767 2122 remissionum
792 2051 893 2123 nobis
920 2073 1026 2121 eausa
1051 2048 1152 2120 fieret
1181 2053 1417 2145 peecatorum,

330 2151 584 2244 consideretur,
603 2152 697 2225 diem
715 2179 798 2227 mox
825 2154 964 2226 finitum
990 2175 1068 2225 esse
1088 2159 1124 2223 et
1141 2150 1186 2223 ad
1203 2149 1309 2222 finem
1335 2173 1417 2245 pro-

331 2279 481 2351 perare;
509 2255 725 2330 descendens
753 2259 846 2330 enim
873 2258 926 2330 sol
953 2255 1023 2330 diei
1049 2257 1155 2328 finem
1185 2253 1353 2350 imponit,
1381 2261 1417 2325 et

332 2383 435 2431 omne
454 2359 694 2432 testimonium
713 2361 818 2434 solvit
831 2361 857 2433 ¹².

434 2464 559 2557 itaque
578 2463 643 2534 lux
661 2471 782 2536 nostra
798 2463 989 2538 invisibilis
1007 2486 1071 2535 nos
1098 2461 1244 2555 monuit,
1263 2465 1314 2554 ut,
1334 2461 1417 2534 dum

332 2564 397 2637 lux
415 2565 566 2639 visibilis
597 2567 777 2662 perduret,
810 2573 853 2643 ab
884 2568 938 2641 ira
968 2573 1226 2660 convertamur,
1243 2587 1288 2636 ne
1315 2564 1418 2636 testis
1518 2643 1526 2650 ,

331 2669 394 2740 ille
413 2669 477 2740 lux
495 2671 533 2740 in
550 2669 630 2762 fine,
650 2676 685 2741 et
705 2672 757 2744 sol
775 2673 813 2744 in
832 2673 931 2746 exitu
948 2672 1042 2743 ritae
1061 2678 1184 2742 eontra
1200 2693 1264 2741 nos
1284 2675 1418 2762 surgat.

334 2773 428 2861 Quia
454 2774 601 2848 libertas
619 2781 742 2847 nostra
758 2779 801 2850 ab
820 2776 916 2848 omni
933 2775 1145 2872 impulsione
1164 2779 1312 2864 externa
1337 2795 1419 2842 oon·

335 2877 422 2974 oipit
440 2885 476 2950 et
495 2900 600 2973 saepe
621 2878 762 2974 saepius
782 2881 898 2954 subito
916 2879 961 2952 ad
979 2878 1283 2973 transgressiones
1301 2899 1420 2948 move-

335 2987 393 3055 tur
412 2989 447 3053 et
464 2982 558 3080 parit
576 2987 611 3052 et
628 2981 779 3056 frustum
799 2984 962 3084 producit
989 2983 1125 3076 semini,
1142 2981 1235 3080 qnod
1252 2979 1419 3076 suscepit,

333 3085 539 3180 aequalem,
558 3085 639 3156 ideo
656 3089 851 3183 Apostolus
870 3088 978 3160 dioit:
1001 3110 1016 3144 u
1035 3086 1095 3159 sol
1123 3109 1229 3182 super
1250 3083 1341 3157 iram
1357 3107 1419 3157 re-

333 3195 444 3260 stram
471 3213 515 3260 ne
542 3185 688 3284 ootidat,
704 3198 739 3264 et
765 3217 810 3264 ne
829 3193 920 3265 detis
947 3191 1063 3263 locum
1083 3186 1253 3263 diab0105
1270 3228 1299 3282 a,
1317 3187 1420 3284 quasi

329 3291 484 3366 diceret:
503 3293 563 3368 Ad
580 3294 822 3370 maturitatem
841 3302 1031 3369 venturum
1050 3301 1115 3388 est,
1134 3293 1226 3390 quod
1255 3291 1418 3366 diabolus

411 3516 438 3570 l.
459 3511 596 3588 Sequens
622 3513 788 3589 explicatio
811 3534 872 3573 non
895 3513 1089 3587 intelligitur,
1114 3511 1173 3569 nisi
1196 3511 1283 3570 loeus
1312 3509 1419 3568 similis

332 3589 413 3668 apud
426 3591 500 3650 Luc·
518 3595 564 3666 17,
586 3594 604 3649 4
631 3597 841 3668 eomparatur:
859 3593 923 3651 unt
937 3593 962 3650 si
978 3591 1091 3668 septies
1107 3593 1162 3648 “in
1182 3591 1255 3653 die„
1272 3607 1419 3667 peecave-

333 3671 376 3727 rit
388 3671 418 3728 in
433 3672 475 3743 to,
490 3675 521 3728 et
545 3671 570 3728 si
594 3671 710 3748 septies
724 3673 776 3740 “in
797 3673 868 3734 die„
886 3677 1051 3731 conversus
1076 3670 1169 3729 fuerit
1182 3671 1221 3728 ad
1242 3675 1273 3728 te
1298 3670 1419 3728 dicens:

336 3749 478 3810 Poenitet
491 3767 549 3824 me,
564 3751 683 3809 dimitte
697 3751 741 3808 illi
754 3783 780 3812 n.

409 3831 438 3886 2.
459 3828 508 3886 Ad
530 3830 659 3887 verbum
678 3829 754 3888 haee
768 3831 892 3890 Aucher
914 3830 958 3887 ita
974 3827 1083 3886 vertit:
1106 3825 1300 3888 Solurnmodo
1324 3841 1417 3881 unum

331 3905 409 3968 diem
425 3907 576 3966 consedet
590 3905 627 3978 ei,
641 3926 680 3966 ne
696 3916 805 3986 regnet
815 3910 865 3967 ille
880 3926 1079 3985 perpaucum
1094 3926 1186 3984 super
1199 3907 1338 3964 multum.

410 3990 438 4044 3.
459 3986 600 4044 Hominis
614 3986 712 4047 irati?
728 3990 787 4064 vel,
801 3989 906 4048 Petri?

412 4069 440 4122 4.
462 4065 576 4123 Sensus
591 4071 657 4124 est:
672 4065 814 4127 Christus
838 4085 974 4140 monens,
998 4067 1128 4141 tempus,
1153 4083 1212 4142 quo
1227 4062 1347 4122 veniam
1368 4059 1422 4116 im·

334 4146 457 4219 patrare
470 4143 632 4219 possimus,
647 4143 742 4205 breve
758 4154 790 4206 et
807 4148 956 4204 incertum
972 4161 1051 4218 esse,
1065 4145 1154 4202 simul
1174 4145 1265 4218 eavit,
1278 4160 1317 4200 ne
1331 4156 1422 4217 prop-

332 4228 381 4279 ter
394 4238 478 4298 spem
503 4221 600 4282 facilis
615 4223 722 4284 reniae
749 4244 923 4304 peccemus.
936 4259 971 4268 -
985 4223 1109 4281 Aucher
1133 4223 1244 4282 habet:
1270 4219 1421 4290 Quoniam

330 4299 362 4358 in
376 4302 583 4361 consumendo
599 4306 667 4360 erat
682 4307 713 4361 et
730 4305 767 4363 in
793 4302 1052 4366 consummatione
1074 4301 1200 4380 (vitae),
1216 4301 1423 4362 descendente

333 4381 411 4438 enim
427 4380 492 4438 sole
506 4379 663 4456 perficitur
678 4380 743 4444 dies
758 4388 789 4443 et
803 4384 895 4444 solvit
909 4381 1128 4443 testimonium.

412 4460 440 4518 5.
461 4459 568 4519 Erana.
584 4462 613 4536 4,
628 4462 675 4518 26.
