3218 5026
1235 355 1278 424 29

197 479 358 552 Mariam.
385 478 477 552 Vel:
508 479 778 553 “Pertransihit
804 478 972 576 gladius„
993 481 1015 553 i.
1041 503 1070 552 c.
1098 482 1239 578 negatio
1256 481 1279 554 ¹.

197 583 268 656 Sed
286 581 476 656 Graecus²
493 583 587 656 clare
606 583 712 656 dicit:
732 583 1027 658 Revelentur
1044 585 1090 656 in
1110 584 1277 657 multis

198 687 420 760 cordibus
446 687 779 783 cogitationes.
793 688 974 762 Nimirum
988 713 1110 762 eornm
1136 687 1197 784 qui
1216 689 1280 761 du·

196 792 365 866 bitabant.
384 789 447 886 (Et
473 791 575 892 quod⁴
593 791 700 863 dicit:
728 791 1059 866 Pertransibit
1086 791 1279 886 gladius

197 895 220 967 i.
240 919 269 967 e.
287 902 323 998 61
339 902 379 966 16
397 893 586 986 dubitabis,
605 896 688 992 quia
705 895 840 968 scilicet
857 894 1003 992 (Maria)
1021 895 1181 991 credidit,
1200 919 1281 970 eum

197 1022 276 1072 esse
292 996 520 1074 hortulanum
529 999 571 1094 ⁵).
588 999 843 1074 Admirabatur
861 1000 967 1094 enim,
985 1001 1095 1093 aiunt,
1112 998 1229 1073 Maria
1245 1007 1282 1073 61

195 1102 240 1174 (16
266 1102 450 1176 nativitate
476 1109 512 1175 et
538 1103 581 1174 de
608 1103 834 1200 conceptione
860 1103 937 1204 ejus
964 1111 1069 1201 atque
1096 1102 1281 1177 61118666-

195 1207 300 1299 ravit,
319 1206 492 1303 quomodo
510 1207 711 1303 conceperit
737 1213 772 1279 et
798 1231 908 1304 quare
925 1207 1116 1306 pepererit,
1143 1211 1179 1278 61
1195 1231 1282 1280 666-

196 1310 300 1404 nulli,
318 1310 532 1384 admirantes
546 1314 694 1385 verbum
708 1311 795 1407 ejus,
809 1312 1107 1406 confortabantur,
1120 1310 1183 1384 alii
1197 1333 1282 1385 vero

201 1423 314 1507 erant,
327 1413 389 1510 qui
406 1414 450 1486 de
469 1437 510 1488 66
528 1414 741 1489 dubitarent.

302 1517 480 1616 Apparuit
496 1518 612 1613 stella,
626 1519 710 1616 quia
721 1519 914 1616 prophetae
928 1519 1133 1593 defecerunt
1146 1515 1280 1614 (Mara.

199 1625 232 1716 2,
254 1624 376 1716 1-15.).
396 1621 564 1696 Cucurrit
583 1623 697 1716 stella,
715 1630 755 1695 61
773 1623 979 1720 explicaret,
1002 1623 1081 1720 quis
1098 1621 1160 1694 ille
1179 1629 1284 1716 esset,

197 1727 243 1798 ad
253 1749 358 1823 quem
366 1727 619 1822 prophetarum
628 1725 980 1800 oraculalestinantia
990 1724 1283 1814 6666610666-

197 1831 387 1903 admodum
417 1830 511 1902 enirn
543 1837 688 1928 propter
724 1830 916 1904 Ezechiam
940 1830 993 1904 sol
1019 1833 1062 1904 ab
1101 1829 1282 1902 occidente

196 1935 368 2008 orientem
396 1957 519 2008 versus
547 1933 712 2029 cucurrit,
737 1933 787 2007 ita
805 1941 840 2006 61
858 1941 1002 2033 propter
1019 1934 1205 2028 Infantem,
1223 1934 1285 2030 qui

197 2037 235 2110 in
252 2037 436 2135 praesepio
456 2046 542 2130 erat,
571 2038 675 2111 stella
700 2041 744 2114 ab
771 2039 905 2112 oriente
923 2039 1141 2112 occidentem
1159 2061 1284 2110 versus

201 2143 366 2215 cucurrit.

302 2245 444 2318 Priores
462 2243 571 2340 igitur
589 2243 643 2318 illi
664 2245 702 2318 in
728 2246 830 2342 signo
849 2245 934 2320 solis
950 2245 1122 2320 Israelem
1146 2243 1284 2342 vitupe-

91 2357 93 2360 ’
198 2355 333 2442 rarunt,
346 2348 559 2446 posteriores
575 2373 660 2422 vero
677 2349 738 2423 isti
756 2359 940 2446 venerunt,
954 2355 993 2423 61
1011 2349 1162 2422 eundem
1174 2370 1285 2444 popu-

196 2451 271 2524 lum
289 2452 483 2551 apportatis
508 2453 713 2528 muneribus
741 2453 1005 2528 confunderent.
1022 2451 1122 2550 Magi
1140 2473 1220 2524 cum
1238 2451 1284 2524 si-

196 2557 276 2652 gnis
295 2557 368 2629 suis
387 2556 478 2628 sicut
494 2557 686 2653 prophetae
704 2566 879 2632 venerunt
892 2565 927 2631 61
941 2559 984 2631 de
1004 2558 1080 2655 ejus
1098 2554 1282 2630 nativitate

196 2661 436 2733 testimonium
461 2660 726 2757 perhibuerunt.
753 2662 833 2736 Hoc
858 2669 976 2736 autem
993 2662 1124 2736 factum
1141 2666 1206 2753 est,
1232 2665 1282 2755 ut,

198 2764 339 2860 quando
357 2769 554 2861 appareret,
572 2788 644 2838 non
656 2766 757 2863 quasi
774 2765 985 2863 peregrinus
1001 2767 1202 2860 haberetur,
1220 2765 1283 2838 sed

196 2867 315 2965 potius
329 2891 450 2942 omnes
463 2875 673 2948 rescreatae
690 2869 911 2943 nativitatem
929 2872 1004 2968 ejus
1019 2875 1281 2966 cognoscerent.

195 2969 384 3045 Zacharias
410 2977 528 3044 mutus
552 2971 665 3048 factus
693 2981 747 3046 cst
773 2980 809 3045 61
834 2973 1018 3049 Elisabeth
1043 2970 1214 3069 concepit,
1241 2978 1282 3044 ut

196 3076 363 3150 universa
380 3083 477 3148 terra
494 3075 538 3148 dc
553 3076 629 3173 ejus
647 3076 802 3150 adventu
819 3077 948 3150 certior
964 3077 1075 3150 fieret.

301 3179 413 3253 Porro
422 3180 509 3252 haec
523 3179 628 3253 stella
639 3180 718 3278 ipsa
729 3183 876 3277 regebat
888 3203 1029 3255 cursum
1045 3204 1146 3253 suum
1160 3201 1281 3252 ascen-

196 3283 312 3356 dendo
322 3290 358 3356 61
367 3284 623 3379 descendendo,
632 3291 672 3358 61
682 3283 786 3357 816116
798 3308 932 3382 vagans
947 3291 982 3358 61
994 3308 1067 3358 non
1075 3284 1157 3377 fixa,
1171 3308 1280 3380 quum

196 3388 271 3461 aeri
289 3387 378 3460 coeli
395 3387 646 3482 dominaretur,
659 3389 757 3462 coelo
775 3389 868 3462 enirn
886 3414 958 3463 non
975 3386 1280 3462 66616111661118-

195 3491 315 3588 paruit
339 3498 468 3585 antem,
498 3515 543 3562 ne
573 3491 631 3565 via
655 3499 753 3566 recta
777 3492 987 3566 Bethlehem
1012 3493 1184 3566 venirent.
1219 3489 1279 3565 Ad

195 3595 475 3691 perturbandum
488 3595 600 3668 Israel
609 3596 707 3671 Deus
721 3595 861 3672 stellam
874 3620 992 3670 coram
1004 3595 1121 3692 Magis
1134 3597 1280 3670 abscon-

193 3699 259 3794 dit,
277 3708 316 3772 ut
334 3700 385 3772 eis
398 3698 653 3794 lerosolymam
670 3701 891 3775 venientibus
905 3700 1049 3775 Scribae
1062 3698 1281 3772 nativitatem

193 3804 271 3899 ejus
291 3803 524 3902 explanarent
548 3809 584 3875 et
609 3804 676 3876 hac
692 3805 826 3879 ratione
844 3827 968 3879 verum
985 3801 1223 3878 testimonium
1244 3807 1281 3874 61

275 4057 301 4112 1.
323 4055 371 4112 Sc.
388 4051 450 4122 1116,
465 4069 525 4127 qua
538 4052 646 4111 Iudaei
659 4052 814 4112 christum
829 4051 992 4130 negabant.

274 4136 302 4192 2.
323 4135 349 4192 I.
364 4150 390 4190 e.
405 4129 522 4189 Textns
537 4129 697 4207 Evangelii
710 4150 851 4208 graecus,
866 4131 917 4210 qui
931 4131 1053 4208 saepius
1069 4129 1191 4189 citatur·

274 4215 301 4269 3.
322 4212 436 4281 Verba,
450 4211 481 4267 in
493 4211 670 4286 parenthesi
689 4230 708 4269 a
720 4227 768 4269 me
783 4213 893 4287 posita,
915 4215 950 4269 61
971 4211 1134 4269 contextus
1155 4211 1275 4287 probat,

193 4291 273 4349 falso
286 4291 405 4350 intrusa
415 4293 495 4362 sunt,
507 4289 566 4346 etsi
576 4289 606 4348 in
626 4295 754 4366 utroque
772 4290 877 4350 codice
889 4291 1071 4348 habeantur·
1089 4289 1232 4348 Ceterum
1246 4297 1279 4348 61

193 4369 330 4442 inferius,
345 4371 375 4427 in
389 4369 583 4445 expositione
601 4369 835 4428 resurrectionis
848 4369 979 4444 Domini,
999 4367 1096 4427 Maria
1106 4373 1203 4427 mater
1217 4369 1275 4428 Do·

192 4449 267 4506 mini
282 4469 347 4508 cum
362 4448 460 4506 Maria
473 4447 657 4525 Magdalene
673 4447 875 4509 confunditur.
