3280 5028
1232 285 1298 356 197

220 419 354 488 storum
371 411 529 488 oeoidere
547 415 795 511 quaerebant?
813 414 1157 490 Samaritanum
1182 417 1300 485 antem

219 515 408 589 Dominum
427 525 608 610 vorarunt,
622 521 706 614 quia
725 517 937 593 Samaritani
955 519 999 592 de
1018 541 1055 590 11
1074 515 1161 614 ipsis
1179 522 1302 588 eontra

219 621 374 696 Judaeos
410 622 618 694 affirmant:
653 624 729 696 Nos
756 633 877 696 sumus
904 623 969 698 filii
995 623 1171 713 Abrahae,
1198 625 1238 692 ut
1264 627 1300 713 et

219 726 243 798 J
246 724 349 798 odaei
366 731 488 802 eontra
513 749 573 800 eos
599 725 693 798 idem
711 725 754 798 de
774 750 811 799 11
834 725 1060 800 contendunt.
1088 723 1205 814 Quum
1224 723 1300 818 jam

220 827 392 902 Dominus
409 829 455 901 ad
471 826 627 902 Judaeos
646 828 819 904 dixisset:
840 851 859 900 α.
869 829 909 902 Si
925 828 990 902 filii
1017 827 1102 920 ostis
1121 823 1299 917 Abrahae,

215 931 327 1014 ,etiam
352 955 461 1029 opera
486 933 561 1029 ejus
586 933 690 1006 facite
708 972 737 1027 a,
764 932 911 1008 Judaeis
936 934 1051 1008 risum
1080 937 1154 1023 est,
1180 936 1301 1027 partes

206 1035 521 1110 Samaritanorum
546 1036 612 1110 hoo
629 1037 705 1134 ejus
726 1039 874 1111 verbum
897 1037 1000 1131 tueri,
1027 1036 1106 1110 ideo
1133 1033 1301 1108 dixerunt

221 1139 387 1212 adeum:
407 1141 733 1214 Samaritanus
760 1164 807 1214 es
834 1148 891 1212 tu.

329 1244 563 1318 Abraham
620 1241 916 1318 desideravit
967 1242 1132 1316 ridere
1180 1240 1299 1313 diem

221 1370 381 1442 meum,
408 1345 530 1421 vidit
556 1353 600 1419 et
626 1348 821 1444 gavisus
848 1352 929 1420 est.
960 1346 1073 1436 Quem
1104 1344 1227 1418 diem?
1253 1343 1302 1418 Il-

222 1448 308 1546 lum,
327 1451 370 1523 de
388 1473 456 1548 quo
475 1450 508 1522 ei
521 1450 652 1524 diotnm
671 1459 743 1524 est:
766 1451 841 1524 oIn
859 1449 991 1526 semine
1014 1458 1075 1525 tuo
1095 1447 1304 1524 benedicen-

226 1560 290 1628 tur
304 1577 426 1630 omues
444 1561 569 1649 gentes
587 1593 602 1628 n
622 1551 645 1626 ¹.
662 1554 764 1629 Vidit
781 1562 898 1629 autem
916 1560 952 1626 et
969 1553 1113 1649 gavisus
1137 1559 1201 1646 est,
1220 1553 1303 1648 quia

223 1657 322 1732 novit
338 1657 546 1754 mysterium
576 1658 671 1753 agni,
690 1658 920 1732 salvationem
951 1658 1106 1730 omnium
1132 1653 1302 1752 gentium.

224 1762 582 1858 Quinquaginta
609 1785 753 1836 annos
780 1785 870 1835 non
907 1762 1060 1856 habos,
1088 1768 1133 1833 et
1163 1761 1303 1834 Abra-

223 1866 324 1940 ham
364 1865 567 1943 vidisti?
611 1865 878 1964 Respondit
919 1865 1304 1960 eis:,Antequam

226 1969 459 2053 Abraham
498 1978 612 2066 erat,
645 1993 727 2066 ego
761 1971 853 2067 jam
891 1969 968 2042 fni.
1009 1969 1101 2058 Quia
1140 1966 1306 2042 Christus

225 2073 412 2167 existebat,
432 2080 478 2166 et,
505 2071 588 2146 lieet
615 2074 852 2167 absconditus,
880 2073 1013 2167 adorat,
1039 2072 1179 2169 quando
1204 2070 1307 2144 Isaao

222 2200 288 2274 per
313 2202 444 2273 agnum
471 2177 508 2249 in
534 2177 609 2251 vita
634 2185 794 2252 servatus
820 2184 898 2272 est,
925 2176 1004 2248 ideo
1030 2176 1067 2248 in
1094 2199 1134 2248 eo
1163 2174 1304 2270 signum

225 2304 327 2354 suum
345 2280 564 2354 monstravit.
581 2281 629 2354 Et
646 2303 768 2354 semen
787 2281 937 2378 ejusqui
954 2303 1019 2378 per
1037 2303 1168 2376 agnum
1187 2277 1302 2351 salva·

224 2386 341 2478 batur,
355 2409 463 2480 quum
481 2384 517 2456 in
528 2384 758 2482 Aegyptum
776 2381 1028 2478 descendisset,
1042 2394 1078 2456 et
1094 2383 1201 2478 longo
1215 2388 1304 2453 tem-

224 2511 310 2586 pore
325 2488 375 2562 ibi
392 2489 526 2581 fuisset,
544 2485 676 2580 abillo,
694 2488 754 2586 qui
772 2488 809 2561 in
834 2487 1126 2587 praecedentibus
1154 2483 1304 2559 saeoulis

225 2593 291 2668 sub
308 2592 410 2666 Isaao
426 2591 743 2690 praefigurabatur,
762 2593 886 2668 eadem
906 2592 989 2689 agni
1007 2592 1161 2686 imagine
1178 2587 1306 2664 libora-

225 2702 301 2768 tnm
327 2704 390 2769 est.
409 2695 467 2770 Ex
493 2695 555 2773 illo
583 2703 740 2792 tempore
767 2697 997 2772 immolabant
1025 2695 1156 2770 multos
1182 2717 1305 2790 agnos,

224 2799 336 2872 donee
353 2823 459 2874 verus
478 2822 592 2894 agnus
610 2799 821 2874 advenisset.
841 2801 979 2874 Etcum
997 2802 1149 2874 Ioannes
1163 2797 1208 2869 ad
1226 2820 1306 2868 eum

223 2904 418 2998 aooedoret,
445 2903 698 3002 proclamavit:
720 2904 843 2976 “ane
870 2927 983 3000 agnus
1012 2903 1080 2976 Dei
1097 2942 1125 2976 a.
1152 2903 1200 2975 Et
1225 2898 1308 2995 quia

225 3031 339 3102 agnus
357 3032 464 3082 verus
482 3012 639 3100 venerat,
659 3007 742 3106 agni
772 3013 965 3098 cessarunt,
983 3006 1044 3102 qui
1062 3011 1198 3078 tantum
1220 3003 1306 3074 ima-

225 3109 327 3207 gines
346 3113 421 3209 ejus
440 3118 569 3202 erant.¹
698 3105 703 3116 '

328 3215 420 3304 Quia
457 3235 553 3288 eum·
581 3212 891 3312 blasphemarunt,
927 3213 1092 3310 quoniam
1117 3212 1304 3284 dixerat:

229 3319 463 3416 “Antequam
493 3318 674 3392 Abraham
701 3318 820 3410 fieret,
847 3341 913 3414 ego
941 3341 1038 3412 snm,
1061 3325 1097 3389 et
1123 3340 1230 3414 quum
1256 3316 1306 3388 A·

211 3422 374 3516 ,braham
392 3421 548 3496 nondum
566 3432 671 3515 esset,
689 3445 756 3520 ego
783 3445 879 3496 eram
897 3461 925 3516 a,
951 3421 1137 3496 obvium
1165 3442 1211 3491 se
1246 3419 1263 3491 f
1269 3441 1305 3490 1-
1377 3515 1378 3518 Ἴ

210 3525 294 3598 oit
319 3549 456 3600 oaeoo
484 3550 538 3598 ex
574 3535 708 3600 utero
735 3525 918 3598 matris.
958 3527 1014 3600 Et
1039 3525 1304 3616 interroga·

228 3637 397 3704 verunt
436 3653 532 3702 enm
572 3627 830 3726 discipuli:
858 3627 1002 3728 Cujus
1038 3637 1109 3702 est
1147 3649 1304 3723 peooa-

227 3733 422 3808 tumtur
447 3734 700 3830 respondit
726 3733 817 3806 eis:
843 3731 939 3806 Neo
965 3733 1216 3830 hujus,neo
1243 3752 1307 3800 oo-

210 3843 481 3933 .gnatorum
508 3838 620 3934 ejus,
649 3837 728 3910 sed
752 3843 801 3909 nt
826 3837 1107 3910 revelentur
1141 3835 1186 3908 in
1212 3833 1306 3906 isto

232 3963 375 4038 opera
413 3941 508 4014 Dei.
548 3941 694 4014 Etme
721 3948 911 4038 oportet
937 3937 1126 4038 operari
1166 3961 1307 4036 opera
1422 3949 1425 3955 '

233 4041 396 4121 Patris
436 4045 533 4140 mei,
560 4045 636 4143 qui
674 4043 805 4118 misit
842 4069 930 4137 ma,
957 4043 1173 4142 quamdiu
1204 4044 1307 4117 dies
1435 4049 1438 4056 “

309 4307 334 4363 1.
358 4307 431 4366 Gau.
452 4311 500 4383 22,
516 4311 561 4368 18.

307 4388 336 4442 2.
356 4386 406 4446 Ita
419 4389 499 4448 vorti
513 4407 552 4449 ex
569 4392 757 4456 oorreotione
773 4393 840 4456 aod.
853 4395 888 4455 B.
