3260 5020
314 299 391 398 282.
467 323 471 328 ·

320 415 470 510 oonsilio
497 434 671 502 commota
696 432 751 502 est
777 427 895 544 gratia
921 434 957 500 et
983 447 1055 522 uos
1068 423 1300 522 justificavit
1293 449 1412 545 prop·

320 540 377 606 ter
403 537 568 605 naturam
601 536 780 624 nostram,
819 530 903 627 quia
936 529 1126 648 adjecisti:
1154 551 1171 586 e
1197 529 1233 602 A
1257 529 1415 626 pueritia

319 658 417 709 ιιι»
437 633 448 679 ⁴
453 633 570 728 .Qui
585 633 681 707 enim
706 633 839 706 amicos
867 657 952 706 suos
967 634 1015 706 in
1040 639 1265 707 antecessum
1289 631 1412 749 elegit,

123 757 127 766 ·
203 733 219 749 ‘
319 737 422 810 nobis
448 721 716 830 demonstrarit,
744 759 816 829 non
842 759 907 833 per
933 719 1123 808 decursum
1149 735 1321 832 temporis
1346 758 1411 808 nos

320 861 439 914 coram
465 839 544 936 ipso
564 839 731 936 judicari,
752 840 868 912 -sed
852 863 929 937 Jam
956 839 1153 936 descriptos
1178 844 1216 910 et
1245 837 1412 934 obsigna·

319 949 376 1016 tos
402 949 438 1015 et
464 941 620 1040 propriis
645 942 814 1041 operibus
847 942 1064 1039 ponderatos
1079 963 1184 1036 esse,
1209 940 1411 1058 quicunque

321 1047 388 1120 sub
413 1069 544 1142 magno
579 1045 657 1140 ejus
683 1044 867 1118 oonsilio
856 1069 895 1118 m
920 1045 1016 1120 huno
1045 1043 1220 1120 mundum
1253 1043 1410 1118 intraue-

319 1147 403 1224 rint.
430 1149 546 1238 Quum
575 1148 670 1264 filius
696 1148 766 1221 Dei
790 1156 933 1222 nostrae
959 1146 1097 1264 gloriae
1121 1169 1230 1222 causa
1262 1146 1412 1222 formam

320 1274 385 1324 nos
387 1258 479 1326 tram
505 1221 660 1345 indmt,
606 1259 689 1324 tm
714 1249 806 1324 hao²
818 1251 955 1346 judicio
981 1249 1106 1322 mortis
1124 1256 1160 1322 te
1188 1243 1410 1343 tradidimus.

321 1349 503 1442 Quamvis
511 1356 602 1429 dura
619 1362 681 1428 tua
700 1354 843 1451 justitie
859 1375 898 1426 se
924 1352 1073 1446 revelet,
1095 1359 1225 1444 tamen
1242 1351 1412 1427 sementis

320 1479 472 1556 operum
499 1459 702 1530 nostrorum
738 1457 841 1530 nobis
867 1455 1013 1550 crescit,
1039 1455 1125 1552 quia
1158 1435 1322 1528 mutuum
1350 1476 1413 1528 no-

322 1559 473 1644 strum
457 1584 519 1656 Jus
521 1559 663 1634 titiaet
664 1582 731 1632 uae
755 1560 894 1652 damus,
911 1581 1002 1654 quae
1019 1557 1057 1653 id
1075 1580 1156 1632 oum
1180 1557 1325 1630 foenore
1350 1579 1413 1630 no-

322 1662 378 1736 bis
406 1663 540 1736 reddet.
568 1663 733 1738 Libertus
759 1663 854 1735 enim
887 1667 1011 1734 nostra
1036 1683 1056 1732 e
1082 1659 1245 1736 manibus
1280 1659 1415 1732 diaboli

322 1771 447 1863 erepto
472 1790 536 1838 ves
563 1773 629 1858 est,
655 1766 750 1861 quod
775 1764 937 1838 conditor
967 1763 1205 1860 praeparavit
1230 1763 1276 1836 In
1301 1785 1414 1860 quau·

322 1867 511 1944 tamenim
537 1867 685 1942 libertas
701 1867 872 1941 virtutem
899 1890 1001 1940 suam
1026 1867 1065 1938 in
1090 1867 1193 1940 nobis
1219 1863 1415 1959 ostendis,

321 1968 362 2042 in
386 1977 525 2043 tantum
553 1970 669 2066 glorio
693 1970 864 2044 victoriae
899 1975 1042 2044 nostrae
1067 1968 1106 2040 in
1131 1967 1227 2043 bello
1261 1975 1415 2066 augetur

322 2079 360 2145 et
384 2073 476 2148 mult
461 2073 653 2170 tiplioatur.
688 2072 791 2168 Ignis
827 2069 1094 2170 purgatorius'⁴
1121 2093 1216 2158 nune
1251 2080 1325 2168 est,
1351 2071 1414 2166 qui

321 2175 398 2249 suis
422 2176 636 2250 eruciatibus
655 2182 692 2250 et
715 2175 901 2250 doloribus
925 2173 1055 2250 format
1084 2181 1122 2246 et
1146 2174 1302 2272 adaptat.
1277 2175 1414 2249 tcm-

321 2279 428 2352 nibus
446 2280 614 2352 remediis
640 2279 740 2354 Deus
758 2302 801 2350 eo
817 2303 883 2382 nos
907 2277 1084 2376 perducit
1100 2283 1142 2350 ut
1166 2261 1414 2366 ornamentum

320 2380 446 2454 fiamus
472 2382 577 2478 regni
603 2383 669 2454 sui
704 2385 804 2456 Haec
829 2377 944 2476 magis
979 2381 1164 2477 magisque
1199 2403 1414 2476 cognoscere

320 2483 526 2558 studeamus
545 2493 581 2558 et
597 2484 735 2558 animas
752 2490 834 2556 nost
835 2509 898 2559 ras
911 2489 948 2556 ιι
932 2482 1227 2557 ttrauduleutam
1252 2489 1336 2558 nost
1336 2507 1412 2557 ram
1433 2542 1437 2546 .

322 2585 507 2660 seientiam
529 2587 734 2684 frequenter
759 2609 963 2682 arguamus,
991 2594 1028 2658 ιι
1053 2585 1370 2682 reprehendamus.
1427 2623 1435 2630 ‘

426 2689 732 2763 Omiserationes
757 2689 828 2762 Dei
862 2689 1030 2762 dilatatae
1065 2697 1103 2762 ιι
1137 2689 1271 2762 effusae
1305 2711 1415 2786 super

321 2793 465 2864 omnes!
492 2793 601 2889 Apud
619 2816 725 2888 quem
741 2788 831 2864 istae
849 2800 1069 2888 manserunt,
1085 2791 1156 2866 nisi
1173 2791 1270 2888 apud
1286 2797 1322 2864 te
1339 2791 1414 2863 Do·

262 2939 264 2944 ·
322 2894 430 2986 mine,
448 2894 533 2992 quia
558 2919 623 2993 per
639 2903 791 2970 mortem
817 2901 966 2987 tuam‚o
988 2893 1276 2988 clementissime,
1302 2893 1413 2978 vitam

322 2997 486 3072 omnibus
513 2998 678 3092 attulisti,
704 3005 741 3072 ιι
767 2999 867 3074 obitu
893 3005 954 3072 tuo
980 2999 1188 3072 thesaurum
1214 2995 1414 3070 miseratio·

322 3125 409 3174 num
426 3108 567 3176 tuarum
586 3100 786 3198 aperuisti?
804 3100 957 3175 Etiamsi
970 3099 1016 3174 ex
1033 3099 1291 3176 consuetudine
1312 3098 1411 3172 “Do—

322 3203 430 3296 mine,
456 3203 609 3276 Domine
623 3244 653 3298 n,
679 3205 849 3298 dicamus,
874 3203 950 3277 noli
976 3205 1165 3278 detrahere
1190 3199 1326 3278 nomini
1352 3201 1419 3274 do-
1482 3225 1486 3230 ·

322 3305 528 3380 minationis
555 3314 649 3399 tuae,
676 3330 723 3380 ιιι
748 3331 810 3380 ore
837 3315 959 3381 nostro
985 3308 1143 3404 prolato,
1170 3307 1234 3379 sed
1269 3329 1335 3403 per
1361 3311 1414 3376 te-
1463 3375 1469 3388 ,

321 3409 526 3484 stimonium
563 3411 636 3483 oris
670 3411 786 3484 nostri
819 3410 934 3506 magis
968 3433 1033 3482 nos
1058 3409 1194 3507 poteris
1219 3407 1416 3507 possidere.

309 3509 402 3586 -Tua
427 3511 572 3608 quidem
596 3512 688 3586 visio
714 3512 878 3588 omnibus
906 3520 963 3586 est
986 3514 1204 3607 abscondita,
1231 3512 1296 3588 sed
1321 3510 1417 3584 desi-

322 3621 453 3710 gnatus
489 3639 528 3688 ιι
555 3615 783 3691 inormibus
817 3641 883 3714 per
915 3624 1059 3690 cunctos
1095 3617 1243 3689 affectus
1269 3635 1415 3687 eorum.

321 3719 442 3814 Opera
468 3718 563 3792 enim
580 3718 683 3792 nobis
702 3719 884 3794 detineant
910 3725 1107 3795 creatorem
1125 3726 1162 3792 ιι
1187 3743 1246 3792 ιιι
1272 3723 1413 3790 creatae

320 3821 450 3894 docent
475 3846 553 3924 ,nos
581 3823 799 3896 conditorem
826 3848 941 3918 suum,
966 3823 1018 3896 ita
1054 3830 1095 3898 ut
1123 3821 1272 3921 palpare
1298 3818 1417 3918 possis

399 4060 428 4190 ὲ.
449 4056 628 4193 dddniugddd
642 4136 677 4192 B.
692 4135 728 4193 In
743 4135 847 4196 codd
862 4152 1030 4212 pronomen
1046 4133 1209 4194 relativum
1224 4132 1303 4192 falso
1316 4131 1414 4190 inser·

320 4215 386 4344 tum.
398 4212 466 4349 §.Sto
477 4291 512 4348 In
527 4291 641 4353 nobis„
658 4309 699 4350 ex
714 4293 781 4351 eod.
795 4293 821 4350 B
835 4289 970 4351 additum
986 4294 1045 4350 est.
1324 4245 1326 4250 Ι

399 4371 427 4426 4.
449 4369 497 4428 Ad
512 4371 660 4429 verbum:
678 4370 858 4433 unomen.
