3218 5026
319 380 329 412 t
1255 339 1274 410 7

187 464 412 538 narrationes
431 472 515 538 sunt
535 465 679 560 mixtae,
705 465 845 540 divinae
863 473 946 540 eunt
963 489 1084 540 omnes
1103 474 1139 540 et
1156 466 1280 542 huma·

188 592 270 662 nae,
289 576 438 665 excepto
455 568 518 642 illo
535 569 650 666 primo
668 575 704 642 et
720 571 908 670 principali
924 571 1081 645 omnium
1097 572 1121 644 ⁴.

295 673 347 745 In
373 673 540 747 diebus
575 674 781 748 Herodis
817 674 947 772 regis
982 676 1187 750 Iudaeae
1215 700 1279 749 sa·

190 776 364 848 cardos
404 777 600 873 quidam,
627 785 671 850 et
696 801 859 852 nomen
885 778 1143 853 Zacharias
1170 785 1216 852 et
1240 805 1281 854 u·
1340 821 1358 854 ·.

188 903 275 953 xor
302 881 398 976 ejus
429 879 692 955 Elisabeth.
720 881 823 970 Quod
849 883 951 955 dicit:
978 883 1279 957 Immaculati

191 983 402 1056 arentin
428 985 547 1056 omni
573 985 768 1081 regione
796 985 1279 1082 sua²(Luo.l,5-77),ne
1327 1027 1342 1059 ο

189 1086 361 1180 dicerent,
379 1093 524 1184 propter
542 1095 685 1185 peccata
707 1112 767 1161 eos
784 1113 855 1162 non
874 1112 1076 1185 generasse,
1102 1115 1211 1187 quum
1228 1097 1280 1164 ta·

190 1215 276 1264 men
293 1193 399 1264 rebus
425 1191 646 1266 mirabilibus
671 1199 949 1266 asservarentur.
976 1194 1032 1266 Et
1058 1195 1151 1269 erit
1177 1218 1279 1290 gau·

148 1357 152 1364 .
190 1295 318 1368 dium
344 1302 387 1367 et
408 1295 650 1368 exultatio
668 1295 768 1390 tibi,
786 1320 857 1370 nou
874 1297 967 1394 quod
983 1296 1096 1370 filium
1112 1297 1279 1394 genuisti,

191 1399 257 1472 sed
271 1394 364 1496 quod
381 1399 489 1472 talem
504 1399 668 1495 genuisti.
686 1422 702 1457 e
719 1402 800 1474 Non
813 1401 890 1494 erit,
905 1401 965 1494 ait,
982 1400 1075 1475 inter
1088 1409 1190 1476 natos
1203 1425 1280 1474 mu·

192 1502 323 1576 lierum
340 1503 462 1600 major,
480 1527 585 1600 quam
602 1503 812 1579 Ioannesla.
830 1505 997 1578 Vinum
1015 1512 1060 1577 et
1078 1506 1280 1578 siceram

192 1630 283 1678 non
309 1606 448 1680 bibet.
477 1607 639 1703 Angelus
658 1631 739 1680 eum
759 1607 995 1702 annunciavit,
1021 1609 1111 1681 siout
1127 1609 1279 1681 infantes

192 1710 306 1783 votivi
323 1709 636 1806 annunciabantur,
653 1719 694 1784 ut
710 1712 892 1805 indicaret,
913 1713 1083 1784 Ioannem
1108 1737 1218 1786 unum
1235 1735 1282 1785 ex

192 1813 269 1886 illis
286 1815 370 1887 fore.
398 1814 1190 1913 Ettu,puer,prophetaAltissimi
1212 1839 1282 1889 vo·

194 1919 397 2012 caberis,
433 1918 526 1992 ibis
557 1919 940 2013 QDominum
974 1943 1142 2017 parare
1176 1920 1280 1992 vias

194 2023 308 2119 ejus.
328 2021 630 2111 Quemadmodum
644 2023 797 2120 Spiritus
811 2023 848 2096 in
862 2045 983 2120 puero,
1000 2023 1051 2097 ita
1063 2030 1098 2096 et
1111 2023 1149 2096 in
1166 2045 1250 2096 sene
1264 2021 1281 2068 l

193 2133 283 2198 erat.

304 2253 320 2286 α
338 2231 386 2303 Et
402 2236 442 2302 tu
459 2229 528 2304 ibis
546 2231 771 2322 Qiffl
779 2232 868 2328 ejus
880 2270 909 2324 a,
931 2255 1002 2304 non
1018 2238 1059 2303 ut
1075 2231 1281 2328 prophetae,

194 2332 258 2430 qui
270 2357 462 2432 praecones
476 2342 611 2407 tantum
624 2334 737 2406 famae
751 2335 826 2432 ejus
844 2343 954 2408 erant.
982 2334 1103 2408 Dare
1131 2335 1198 2407 sci
1211 2359 1281 2412 en·

195 2437 310 2510 tiam
336 2438 597 2536 perfectam
623 2437 810 2533 salutis,
837 2445 877 2511 ut
903 2438 1073 2535 mysteria
1089 2439 1284 2514 transitura

195 2543 241 2616 ab
261 2542 339 2638 ipsa
354 2542 515 2636 veritate,
533 2565 622 2638 quae
636 2565 816 2638 nunquam
829 2543 966 2637 transit,
983 2541 1184 2616 discernere
1202 2567 1283 2642 pos·
1336 2606 1339 2622 .

195 2645 281 2718 sint.
321 2646 489 2719 Gratia
528 2653 573 2718 et
610 2646 793 2719 veritas
836 2670 917 2742 per
959 2645 1117 2720 Iesum
1155 2647 1283 2721 facta

196 2757 272 2822 est
287 2748 431 2846 ⁵(Jorr.
451 2752 482 2844 1,
500 2750 568 2842 17).
587 2749 646 2824 Ad
659 2749 822 2822 dextram
839 2749 962 2824 altaris
979 2749 1214 2824 annunciatus
1228 2757 1284 2826 est

193 2853 359 2948 Ioannes,
385 2853 446 2951 qui
464 2876 590 2951 praeco
608 2859 685 2927 erat
701 2853 844 2926 Domini
870 2854 915 2928 ed
932 2854 1095 2928 dextram
1117 2855 1282 2928 sedentis.

277 3090 305 3146 1.
327 3086 444 3148 Sensus
458 3107 527 3148 esse
540 3088 677 3150 ridetur:
693 3087 781 3157 Quod
793 3089 829 3147 de
840 3088 945 3148 Verbo
959 3090 1030 3148 ante
1043 3087 1283 3148 incarnationem

195 3165 312 3226 dictum
328 3169 378 3226 est
401 3173 433 3227 et
453 3170 493 3227 ad
506 3169 633 3246 primam
648 3170 715 3244 ejus
730 3169 950 3228 revelationem
964 3169 1093 3246 spectat,
1112 3167 1144 3226 id
1162 3168 1200 3227 de
1216 3168 1283 3226 solo

195 3245 302 3382 {erbo
316 3245 383 3320 Dei,
398 3266 459 3307 uon
474 3248 512 3306 de
526 3249 630 3308 Verbo
646 3247 705 3307 Dei
718 3247 851 3306 humana
863 3249 975 3306 natura
987 3248 1101 3307 vestito
1113 3246 1285 3322 intelligen-

220 3345 271 3384 um
286 3329 343 3383 est.

281 3407 310 3462 2.
330 3405 380 3464 Ad
398 3405 544 3465 verbum:
569 3406 630 3464 “In
644 3406 724 3466 omni
736 3404 926 3466 habitatione
941 3423 998 3464 sua
1009 3437 1036 3478 a,
1057 3403 1140 3481 quod
1159 3404 1284 3466 Aucher

203 3482 356 3560 explicat:
382 3499 395 3532 u
407 3485 443 3543 In
458 3486 538 3544 omni
550 3485 676 3560 regione
691 3503 755 3558 sua,
776 3485 827 3542 rel
839 3485 870 3543 in
883 3485 991 3544 habitu
1004 3502 1060 3544 suo
1073 3513 1099 3546 a.
1123 3483 1199 3544 cod.
1213 3485 1239 3543 B
1253 3485 1284 3544 h.

201 3563 223 3620 l.
237 3563 391 3622 laceratus
405 3567 469 3636 est3
483 3564 609 3622 inferius
623 3565 725 3624 autem
740 3563 835 3643 (Nota
848 3567 874 3638 l,
888 3565 927 3623 ad
940 3581 1009 3640 pag.
1025 3566 1074 3638 14)
1087 3563 1168 3623 hunc
1181 3564 1284 3624 locum

201 3641 341 3700 referens
361 3644 454 3701 etiam
474 3643 585 3702 habet:
610 3644 670 3702 “In
684 3643 766 3703 omui
784 3641 972 3703 habitatione
983 3659 1040 3700 sua
1052 3673 1078 3717 a,
1099 3641 1152 3701 ubi
1173 3643 1241 3701 cod.
1255 3640 1284 3700 A

200 3720 315 3780 habet:
333 3722 393 3779 “In
408 3721 489 3781 omni
500 3724 611 3782 natura
621 3721 818 3786 suaaVocea
832 3720 1141 3796 Ruarfflpntpr‘atura,
1156 3723 1188 3780 et
1201 3719 1284 3786 Fam.

198 3803 360 3876 enatam,
370 3799 530 3878 habitatio,
544 3801 575 3860 in
588 3803 672 3862 Arm.
686 3801 867 3876 simillimae,
879 3799 969 3861 facile
979 3803 1203 3878 permutantur.

284 3883 313 3938 3.
332 3879 406 3938 Loe.
428 3882 456 3954 7,
470 3882 518 3938 28.

283 3961 312 4016 4.
332 3959 370 4016 In
383 3959 540 4033 Zacharia,
553 3963 642 4038 patre
656 3958 790 4034 Ioannis,
803 3959 881 4017 haec
895 3957 1027 4034 dicente,
1041 3957 1091 4016 rel
1104 3957 1136 4016 in
1150 3975 1223 4016 sene
1237 3955 1282 4017 si-

202 4055 324 4100 meone.
338 4038 461 4098 Verba:
476 4039 538 4097 Ibis
553 4043 625 4098 ante
639 4041 699 4098 eto.
712 4039 824 4097 desunt
836 4038 867 4098 in
882 4038 948 4097 eod.
963 4038 999 4095 B.

195 4117 198 4122 '
282 4118 310 4174 5.
330 4117 398 4176 Hae
413 4118 509 4177 verba
529 4119 579 4177 rel
601 4137 669 4179 cum
688 4117 945 4195 praecedentibus
956 4113 1114 4193 jungenda
1132 4118 1213 4190 sunt,
1226 4113 1285 4174 hoc

202 4211 298 4254 sensu
310 4216 318 4255 ε
331 4196 374 4255 Ut
385 4197 506 4274 possint
521 4195 696 4258 discernere
709 4197 872 4255 veritatem
893 4195 1016 4268 Christi,
1032 4213 1109 4272 quae
1122 4213 1184 4254 non
1204 4195 1287 4252 tran·

202 4275 255 4348 eit,
269 4275 341 4352 quia
353 4276 494 4334 nimirum
508 4277 623 4337 veritas
638 4280 670 4336 et
684 4276 783 4350 gratia
801 4291 858 4352 per
871 4273 1025 4334 Christum
1047 4273 1131 4333 faeta
1145 4277 1193 4332 ast
1205 4293 1213 4348 3
1234 4272 1287 4331 rel

201 4359 297 4494 ἰητὴρ
309 4358 488 4416 contextum
510 4355 652 4432 citantur,
672 4359 707 4414 ut
727 4355 790 4414 dixi
809 4355 841 4412 in
860 4353 1056 4416 adnotatione
1076 4371 1149 4413 mox
1162 4363 1287 4430 praeea-

103 4487 110 4503 ,
226 4453 264 4494 en
291 4475 299 4491 .
