3260 5020
10 127 15 452 l

8 942 16 1361 l

7 1383 14 1782 l

558 583 932 720 *recursu

223 995 224 998 ¹
257 981 259 988 ’
321 965 367 1039 In
391 963 680 1042 ¹miserationibus
707 966 790 1060 tuin,
808 967 938 1062 quibus
958 966 1070 1064 janua
1097 961 1313 1036 auxiliorum

211 1073 363 1147 tucrum
389 1073 499 1164 patet,
524 1070 613 1142 haec
638 1069 742 1144 nobis
769 1069 985 1142 revelantur.
1004 1065 1179 1140 Dominus
1209 1063 1313 1162 quasi

216 1175 358 1266 ,pugnat
383 1193 449 1266 per
475 1193 541 1244 nos
566 1177 689 1245 contra
714 1196 789 1246 noe.
817 1171 857 1245 Si
883 1172 988 1246 homo
1015 1169 1053 1241 in
1079 1168 1256 1261 omnibue,
1274 1167 1313 1240 in

220 1275 355 1367 quibus·
376 1279 557 1348 certamen
573 1275 693 1369 habet,
718 1282 781 1348 tua
797 1275 931 1348 virtuto
949 1279 1115 1365 certaret,
1137 1272 1176 1344 in
1195 1269 1313 1344 omni·

220 1375 293 1457 buc
304 1375 463 1450 vinceret
489 1401 554 1473 per
581 1383 679 1450 tuam
696 1375 958 1451 voluntatem2.
976 1377 1054 1450 Nce
1081 1381 1200 1447 autem
1226 1373 1315 1448 vasa

220 1501 344 1561 sumus
362 1480 590 1574 reprobantia
603 1479 631 1574 5,
649 1487 690 1553 ut
706 1483 750 1554 ab
767 1480 824 1553 his
842 1479 1052 1577 procacibus
1075 1477 1171 1552 vasis
1202 1475 1314 1550 victo-

221 1581 276 1662 ria
294 1582 465 1664 creatoris
483 1605 616 1664 eorum
633 1583 848 1681 perficiatun
875 1583 946 1656 Act
970 1582 1050 1661 aine
1067 1581 1210 1654 loedere
1228 1577 1315 1664 viei—
1392 1613 1395 1620 ·

220 1680 285 1758 bili
302 1684 381 1758 fieri
397 1685 532 1782 nequit,
545 1693 586 1757 ut
603 1709 668 1760 nos
686 1708 758 1758 non
775 1707 975 1781 peccemus,
990 1684 1052 1782 qni
1069 1683 1174 1778 ligati
1191 1701 1315 1780 sumna

186 1841 197 1850 .
220 1784 259 1858 in
276 1785 454 1880 libertate,
472 1788 640 1884 quiahoc
668 1787 810 1862 foedere
827 1787 931 1861 nobie
948 1809 1038 1884 cpue
1055 1793 1122 1880 eet,
1139 1808 1185 1858 ne
1198 1823 1200 1830 ·
1208 1787 1318 1882 juxta

222 1887 395 1985 impetum
409 1890 606 1964 voluntatis
622 1898 765 1965 nostrae
784 1891 1087 1981 circumferamur,
1100 1887 1166 1960 ced
1180 1896 1221 1960 nt
1239 1886 1316 1960 ecla
1346 1883 1350 1890 ’

221 1989 291 2063 Dei
308 1992 462 2067 charitas
481 2017 589 2091 super
609 2018 674 2067 nce
694 1993 925 2084 diffundatur,
943 2016 1033 2090 quae
1061 2014 1128 2064 nou
1152 1988 1316 2088 subjiciat

220 2115 293 2166 non
318 2095 376 2190 vi,
404 2096 467 2170 scd
492 2119 627 2193 urgens
653 2103 792 2170 tantum
817 2102 965 2193 propter
990 2101 1149 2169 nostram
1178 2091 1315 2165 utilita-

210 2203 294 2270 tem
307 2196 334 2272 ’ἢ
354 2199 434 2272 Hoc
451 2221 537 2294 ergo
554 2199 690 2294 foedus,
708 2199 809 2296 cujus
836 2206 996 2296 potestas
1015 2195 1317 2292 irreprehensibi-

220 2298 266 2373 lia
285 2312 351 2395 est,
370 2308 517 2400 propter
536 2302 688 2400 gloriam
717 2325 817 2374 suum
836 2301 967 2374 delicta
993 2307 1118 2374 nostra
1135 2299 1318 2378 dimittere
1379 2317 1383 2322 ·

170 2416 177 2422 “
221 2409 350 2500 potest.
376 2405 481 2494 Quod
508 2429 580 2480 non
607 2405 688 2478 ideo
707 2404 868 2498 dicimuS,
894 2404 980 2501 quia·
1004 2403 1106 2480 nobie
1133 2400 1221 2474 utile
1248 2407 1316 2494 est,
1436 2443 1437 2448 =

220 2505 285 2579 ced
296 2507 387 2600 =quia
402 2531 469 2582 nos
485 2533 556 2582 non
573 2509 696 2606 pudet,
714 2505 907 2581 utilitatem
925 2514 1084 2582 noctram
1102 2504 1141 2578 in
1155 2504 1315 2602 Scriptu-

220 2607 271 2680 nia
288 2606 433 2691 Domini
451 2634 636 2704 quaerere.
762 2639 765 2644 ·

258 2745 262 2753 ¹
323 2710 420 2784 Num
435 2711 663 2805 tu,Domine,
677 2713 886 2809 indigeant
902 2713 1091 2787 thecaurcc
1109 2717 1252 2784 nostros
1271 2709 1314 2800 ti7

219 2811 256 2887 bi
272 2811 404 2886 demus
417 2813 434 2884 i
449 2813 548 2902 Quid
571 2816 669 2889 aliud
695 2817 890 2907 decideraS,
908 2840 1015 2910 quam
1033 2821 1074 2886 ut
1096 2834 1224 2886 manus
1251 2835 1313 2886 no-

219 2921 313 2995 atras
332 2916 531 3012 tendamus,
549 2924 589 2990 nt
616 2943 663 2992 cx
681 2919 753 2992 tuis
779 2917 948 2990 remediis
975 2914 1201 3013 accipiamus,
1226 2915 1313 2986 dum

218 3041 284 3114 per
315 3019 553 3094 obedientiam
583 3021 650 3104 tibi
679 3027 840 3094 nostram
870 3019 1090 3093 voluntatem
1123 3016 1314 3110 tradimus.

221 3120 353 3196 Omnia
369 3123 463 3196 enim
481 3146 592 3220 opera
608 3130 671 3200 tua
692 3123 832 3197 coronis
850 3122 925 3196 eois
952 3121 1218 3220 splendescunt,
1237 3119 1316 3214 qui·

220 3224 287 3298 bue
306 3225 609 3322 sapientissimum
628 3251 668 3301 ce
686 3235 786 3300 tuum
813 3249 856 3299 ea
881 3225 1075 3318 coronavit,
1094 3237 1202 3319 quum
1222 3221 1318 3311 dirui-v

218 3325 291 3410 ati:
312 3328 438 3411 “Ecce
451 3328 557 3403 valde
575 3331 668 3404 bona
686 3331 769 3416 sunt
785 3327 838 3404 22⁵.
854 3329 1070 3424 Quocunque
1089 3350 1154 3399 nos
1172 3325 1237 3399 tibi
1254 3327 1316 3399 be.-

220 3429 429 3527 nedioimus‚
447 3455 512 3528 per
528 3432 597 3506 hoc
612 3433 793 3508 debitores
813 3431 998 3506 efficimur.
1016 3431 1090 3506 Sub
1116 3427 1315 3524 exiguItate

304 3663 330 3717 1.
352 3662 438 3720 Haec
452 3662 612 3740 inscriptio
626 3665 657 3725 in
672 3667 738 3726 eolo
753 3665 858 3726 cod-B
873 3664 1016 3725 habetur.

300 3739 331 3794 2.
351 3739 441 3799 Hunc
455 3741 556 3800 lucum
569 3762 624 3819 per
639 3745 758 3822 ellipsin
783 3743 945 3822 explicavi,
968 3744 1053 3822 Syris
1071 3743 1315 3818 vulgaremque

222 3815 350 3874 verbum
365 3817 506 3878 unavioe
530 3839 585 3896 pro
610 3823 728 3882 duabus
753 3822 871 3880 vicibus
894 3822 1028 3899 positum
1044 3825 1101 3881 est.
1125 3821 1251 3884 Auchcr
1268 3819 1315 3876 eie

222 3893 332 3952 habet:
349 3895 404 3955 “Si
418 3914 485 3956 cum
501 3898 642 3960 omnibus
665 3903 820 3978 pugnaret
843 3904 897 3958 tua
909 3901 1035 3974 virtute,
1049 3919 1154 3960 omnes
1173 3898 1313 3959 vinceret

222 3977 277 4030 tua
288 3974 481 4038 voluntate„-
613 3978 616 3984 ’

300 4053 329 4110 3.
350 4052 476 4112 Scilicet
489 4055 619 4129 gratiam
632 4056 698 4115 Dei.
714 4057 853 4117 Aucher:
871 4059 1138 4135 “vanaingrataa

301 4130 331 4187 4.
352 4131 439 4191 Haec
454 4135 608 4193 sententia
622 4151 735 4210 magna
749 4153 788 4194 cx
802 4139 889 4212 parte
903 4153 943 4195 ex
958 4137 1026 4196 cod.
1040 4139 1066 4196 B
1087 4137 1231 4197 correcta
1250 4134 1308 4190 cst·

221 4207 259 4265 In
274 4205 341 4267 cod.
354 4209 383 4268 A
393 4212 538 4271 nonnulla
553 4214 704 4274 uocabula
717 4213 793 4276 falec
808 4215 923 4292 scripta
937 4220 1015 4280 cunt.
1028 4216 1115 4276 Idem
1130 4216 1168 4276 dc
1182 4227 1315 4288 sequen-

224 4285 248 4344 ti
262 4286 417 4348 aententia
431 4289 526 4348 valet.
584 4284 587 4296 '

225 4365 230 4374 '
301 4364 330 4424 5.
353 4366 428 4427 (inu.
445 4371 471 4445 1,
486 4371 534 4428 31.
