3280 5028
1246 332 1315 408 173

233 470 435 564 dignatione
463 473 616 545 occurrit
640 471 787 544 mihist
813 477 1003 567 propterea
1031 473 1098 544 sub
1124 476 1314 567 praetextu

233 574 385 670 quodam
398 595 456 646 me
474 575 598 674 rejecit
612 613 641 670 a,
658 575 738 647 ideo
757 575 864 647 dicit:
883 575 1012 648 Unus
1039 582 1224 647 tantum
1242 580 1316 645 eat

232 679 389 751 bonus.
410 678 512 767 Quod
531 679 561 752 si
578 681 629 752 ita
647 702 683 752 se
701 681 818 774 habet,
836 702 953 750 nonne
969 686 1004 750 et
1020 679 1096 775 ipse
1115 683 1170 751 est
1190 681 1317 770 bonus,

230 805 338 876 quum
357 781 451 856 filius
469 781 560 856 Boni
579 783 746 856 dicatur?
765 783 886 871 Quare
901 783 1008 855 etiam
1025 783 1063 855 in
1089 803 1207 856 amore
1234 804 1315 853 cum

230 883 379 957 intuitus
407 893 530 980 est,ut
548 885 664 984 palam
683 888 828 981 faceret,
849 887 943 984 quod
968 885 1027 959 hic
1053 886 1152 960 dives
1179 886 1314 982 ipsese

230 993 466 1088 reprobasset.
488 991 583 1064 “Ille
601 1015 741 1088 quoque
763 992 862 1065 dives
882 991 985 1063 erat⁴
1002 1031 1038 1083 a,
1057 992 1118 1088 qui
1145 991 1314 1062 indueba-

230 1101 289 1166 tur
307 1115 475 1192 purpura.
502 1093 560 1167 Ex
583 1117 624 1168 eo
642 1096 809 1202 quod'hic
828 1095 935 1168 dicit:
966 1117 981 1152 a
999 1095 1052 1167 Mi
1077 1103 1180 1190 pater
1198 1095 1314 1167 Abra-

232 1197 315 1270 ham
328 1237 357 1290 η,
377 1197 581 1271 etiterum:
604 1223 618 1257 α
636 1200 717 1272 lllic
732 1207 823 1294 sunt,
841 1201 1013 1295 “Moyses
1029 1207 1064 1272 et
1077 1199 1271 1296 prophetae
1285 1237 1315 1291 a,

231 1301 325 1374 clare
344 1306 583 1399 consequitur,
603 1327 683 1376 eum
701 1303 902 1377 israelitam
920 1303 1039 1388 fuisse,

336 1406 437 1479 Non
475 1410 731 1499 estbonua,
759 1408 854 1482 nisi
894 1415 1072 1480 tantum
1112 1429 1240 1478 unus.
1267 1406 1315 1479 Et

230 1515 280 1602 tu,
298 1508 462 1606 Domine,
493 1535 610 1583 nonne
642 1535 679 1584 es
710 1512 855 1586 bonus?
883 1512 1012 1584 Unus
1039 1517 1227 1603 tontum,
1253 1510 1315 1602 ait,

227 1621 301 1685 est
327 1615 487 1706 bonus,
527 1614 680 1706 Pater,
708 1607 785 1713 qui
812 1617 858 1688 in
885 1616 1035 1688 coelis
1063 1625 1144 1688 est.
1178 1615 1226 1688 Et
1253 1613 1314 1688 ad·

225 1724 355 1790 ventus
374 1724 456 1792 tuus
474 1741 591 1791 nonne
607 1727 684 1794 erat
702 1721 876 1792 adventus
894 1719 1094 1792 bonitatis?
1115 1741 1130 1776 s
1148 1718 1313 1813 aeaego,

226 1820 287 1914 ait,
305 1840 378 1894 non
392 1847 413 1896 a
429 1845 485 1895 me
505 1823 583 1922 ipso
600 1823 681 1897 veni
697 1823 712 1870 2
730 1863 757 1898 a.
777 1824 826 1898 Et
855 1847 963 1920 opera
992 1829 1054 1897 tua
1085 1845 1201 1896 nonne
1233 1829 1316 1894 sunt

226 1925 351 2022 bona?
372 1949 386 1983 α
404 1927 513 2000 Pater
531 1951 643 2022 meus,
662 1927 722 2021 ait,
739 1928 801 2025 qui
820 1934 874 2001 est
900 1928 937 1999 in
955 1951 1022 2019 me,
1042 1929 1118 2025 ipse
1145 1930 1314 2023 operatur

227 2029 314 2102 haec
333 2030 468 2128 opera⁵
487 2069 514 2104 a.
533 2031 581 2102 Et
597 2051 690 2105 nova
706 2039 768 2104 tua
794 2031 1008 2128 praedicatio
1027 2055 1144 2105 nonne
1158 2029 1311 2126 ‘praedi-

227 2135 317 2206 catio
336 2141 390 2207 est
421 2134 620 2208 bonitatis?
651 2137 720 2209 “Ia
739 2136 800 2232 qui
831 2136 927 2208 misit
953 2159 1020 2230 me,
1039 2137 1100 2230 ait,
1119 2135 1196 2232 ipse
1215 2131 1315 2204 dedit

227 2238 314 2312 mihi
331 2239 548 2332 mandatum,
567 2239 652 2334 quid
670 2239 796 2336 loquar
815 2239 954 2336 etquid
978 2237 1118 2312 dicaml
1138 2277 1166 2312 a.
1186 2237 1224 2309 si
1251 2237 1313 2309 ad-

227 2350 358 2414 ventus
375 2349 458 2416 tuus
477 2351 512 2415 et
530 2347 640 2418 verba
657 2350 719 2416 tua
737 2353 772 2417 et
790 2343 949 2441 operatio
966 2351 1028 2416 tua
1046 2369 1067 2417 a
1084 2343 1192 2415 Patre
1219 2347 1314 2434 sunt,

228 2469 343 2518 nonne
361 2448 474 2520 bonus
489 2436 527 2519 e'a
554 2455 593 2520 tu
621 2473 641 2520 a
667 2447 790 2521 bono?
818 2449 888 2522 Sed
917 2453 953 2520 et
982 2448 1156 2546 propheta
1173 2445 1216 2517 de
1235 2444 1316 2542 Spi-

228 2549 300 2621 ritu
331 2551 453 2624 dixit:
483 2552 639 2648 Spiritus
670 2559 753 2624 tuus
783 2556 897 2626 bonus
928 2553 1078 2624 deducet
1108 2575 1164 2623 me
1198 2555 1262 2622 etc.
1288 2547 1313 2621 ⁵.

227 2651 350 2726 Diviti'
365 2655 475 2750 igitur
503 2657 647 2728 abeunti
674 2655 848 2729 Dominus
879 2679 1001 2730 ansam
1037 2679 1108 2728 non
1142 2656 1316 2752 praebue-

229 2764 295 2851 rat,
321 2781 368 2832 ex
396 2783 465 2856 qua
492 2761 685 2852 recederet,
713 2767 753 2832 ut
780 2761 933 2834 recessio
965 2762 1040 2858 ejus
1066 2757 1315 2855 vituperabilis

228 2860 339 2934 fieret.
359 2863 532 2936 Dominus
551 2865 755 2936 mandatum
774 2888 905 2936 novum
926 2863 1072 2936 daturus
1096 2863 1213 2957 legem
1232 2881 1315 2932 con-

228 2964 382 3038 firmavit
399 2975 435 3039 et
451 2967 642 3041 Dominum
660 2967 752 3061 legis
770 2968 969 3060 honoravit,
989 2991 1034 3038 ne
1052 2966 1114 3038 ille
1134 2966 1233 3037 dives
1262 2964 1315 3036 di-

228 3077 335 3159 ceret,
355 3070 537 3144 Christum
563 3071 734 3170 utrique⁶
759 3071 942 3144 adversari
969 3077 1005 3143 et
1030 3093 1158 3144 novom
1186 3067 1315 3140 doctri-

230 3197 313 3245 nam
332 3175 376 3246 de
402 3175 478 3247 Dec
505 3177 695 3271 peregrino
722 3176 957 3249 introducere.
978 3173 1083 3246 Clare
1111 3173 1204 3244 enim
1231 3171 1316 3268 quia

228 3279 394 3374 ostendit,
413 3288 659 3376 paupertatem
672 3281 748 3376 jam
763 3287 844 3351 ante
862 3279 979 3375 ipsum
993 3284 1173 3376 acceptam
1190 3275 1314 3368 fuisse,
1363 3267 1465 3342 aaa

232 3404 247 3438 α
265 3383 384 3478 angeli
401 3384 563 3456 tulerunt
584 3406 664 3456 eum
682 3384 720 3456 in
739 3383 857 3456 sinum
875 3383 1079 3456 Abrahamc
1094 3381 1108 3428 ⁷
1128 3421 1156 3456 a.

246 3519 248 3530 Α
333 3487 451 3576 Quid
477 3511 617 3561 vocas
643 3511 708 3560 me
734 3487 930 3561 bonum?
957 3487 1024 3560 His
1043 3485 1163 3560 verbis
1195 3507 1315 3558 exem·

225 3589 326 3683 plum
350 3592 537 3689 proposuit
555 3615 638 3664 suae
656 3589 880 3685 humilitatia,
894 3599 935 3664 ut
951 3589 1095 3665 Patrem
1113 3592 1316 3682 honoraret,

228 3717 336 3788 quum
356 3694 435 3768 aliis
454 3695 540 3770 locis
559 3721 597 3804 ,⁵⁰
615 3697 732 3794 ipsum
763 3697 893 3769 bonum
925 3696 1151 3794 appellasset,
1171 3693 1314 3767 dicens:

308 3993 333 4048 1.
355 3990 391 4046 In
405 3993 494 4049 textu
508 4005 521 4039 c
534 3991 582 4048 est
595 4019 621 4052 a·
644 3987 757 4048 Confer
770 3989 845 4048 Luc.
862 3991 908 4065 la,
925 3992 1024 4049 19-31.

308 4069 442 4128 2.10su.
465 4073 492 4141 7,
508 4072 556 4128 28.
593 4070 594 4075 ’

307 4151 335 4206 3.
357 4149 441 4206 Ionr.
459 4151 568 4224 14,10.

221 4290 225 4300 ¹
307 4227 566 4302 4.10m.12,49.
696 4236 697 4240 ’
764 4237 767 4242 “

306 4306 334 4362 5.
355 4306 405 4364 Ps.
423 4309 552 4377 142,10.

308 4385 335 4439 6.
357 4383 481 4443 Scilicet
494 4385 555 4458 legi
571 4388 601 4445 et
619 4383 748 4443 Domino
762 4383 849 4458 legis.

308 4463 342 4538 7.Ι
357 4462 429 4522 Luc.
447 4467 493 4538 16,
508 4465 555 4523 22.
