3280 5028
1216 337 1282 408 125

206 465 320 562 gistro
335 473 371 538 et
387 465 523 538 doctori
540 463 639 540 loous
653 489 724 539 non
738 471 824 560 erat,
839 471 878 537 ut
896 461 997 559 quasi
1014 463 1169 560 agricola
1187 491 1285 540 aoce-

204 572 317 664 deret,
345 572 472 642 durum
499 571 574 666 ejus
601 570 715 643 solum
745 577 911 642 exararet
930 575 966 638 et
984 591 1075 642 nova
1097 570 1232 644 semina
1247 573 1286 646 in

206 699 285 746 eam
295 683 491 771 spargeret.
502 673 837 747 Diabolum¹autem
847 672 1048 746 volueribus
1059 677 1285 772 comparavit,

206 779 291 874 quia
306 801 425 850 semen
435 778 562 874 rapuit.
574 776 652 865 Quo
665 779 742 850 loeo
757 777 863 848 etiam
876 776 1017 864 indicat,
1028 775 1206 851 diabolum
1214 805 1287 854 non

207 882 245 956 vi
263 881 458 954 doctrinam
466 881 600 953 homini
609 881 726 955 datam
741 905 787 952 ex
802 880 906 952 oorde
918 879 1056 951 auferre
1067 905 1075 973 3
1085 892 1179 973 namt
1181 885 1288 978 juxta

205 985 410 1079 imaginem,
422 1008 491 1080 qua
500 1008 585 1056 usus
596 995 662 1078 est,
671 1009 743 1059 vox
757 983 935 1078 evangelii
944 982 988 1054 ad
998 990 1136 1078 portam
1151 991 1287 1062 tantum

158 1089 163 1096 ’
206 1089 346 1161 aurium
356 1089 503 1182 adstitit,
512 1089 806 1183 quemadmodum
816 1095 851 1158 et
861 1087 1182 1181 granumfrumenti
1191 1115 1288 1165 man-

207 1193 306 1265 sitin
322 1192 506 1289 superficie
520 1203 647 1284 terrae,
662 1216 751 1288 quae
771 1191 906 1263 semina
930 1189 968 1260 in
997 1189 1111 1286 ipsam
1125 1193 1233 1266 missa
1250 1198 1289 1272 in

207 1297 324 1368 sinum
339 1320 441 1368 suum
454 1319 526 1367 non
539 1296 691 1393 recepit,
702 1320 773 1368 non
787 1295 881 1366 enim
894 1315 1098 1366 conoessum
1113 1304 1168 1368 est
1189 1301 1289 1373 volu-

207 1401 339 1494 eribus,
349 1400 393 1471 ad
405 1423 526 1470 semen
535 1409 734 1496 penetrare,
744 1399 837 1495 quod
854 1405 951 1471 terra
967 1420 1122 1494 unquam
1135 1399 1201 1473 alis
1215 1406 1288 1478 suis

211 1503 453 1599 contegitEt
472 1503 528 1596 id,
547 1505 626 1598 ait,
650 1503 768 1600 quod
787 1526 929 1597 super
955 1507 1151 1597 petrosa
1177 1517 1289 1603 erat,

210 1632 281 1704 quo
308 1607 429 1679 Bonus
455 1607 731 1680 misericordiam
759 1613 795 1679 et
822 1607 971 1702 gratiam
999 1630 1099 1678 suam
1125 1613 1291 1708 ostendit,

211 1713 305 1807 quia,
332 1711 416 1782 licet
433 1709 523 1782 dura
547 1711 635 1783 haeo
660 1719 756 1784 terra
780 1711 915 1782 fruetus
933 1733 1003 1782 non
1024 1711 1144 1806 ferret,
1171 1718 1289 1790 tamen

207 1839 331 1887 semen
349 1817 454 1902 abxea
470 1837 541 1886 non
558 1815 749 1911 prohibuit.
768 1815 867 1902 Quae
885 1820 981 1886 terra
997 1813 1051 1885 illi
1074 1823 1166 1909 sunt,
1185 1820 1246 1914 qui
1268 1845 1290 1893 a

208 1919 370 1990 doctrina
383 1917 458 2013 ejus
469 1927 704 2011 recesserunt,
715 1920 806 1992 siout
824 1918 1039 1990 dictumest:
1061 1919 1221 1993 “Durum
1237 1931 1291 1997 est

205 2025 355 2096 verbum
374 2029 485 2115 tuum,
504 2023 583 2117 quis
601 2031 718 2118 potest
735 2023 772 2096 id
798 2019 948 2094 audire?
962 2019 1011 2094 ²⁷2.
1042 2022 1099 2094 Ita
1130 2031 1164 2096 et
1181 2026 1289 2100 Iudas

207 2128 360 2199 verbum
374 2125 517 2198 Domini
530 2126 665 2198 audivit
683 2133 718 2198 et
735 2150 799 2223 per
816 2124 987 2197 miracula
1001 2149 1064 2198 sua
1078 2125 1208 2223 floruit,
1227 2132 1290 2204 sed

206 2230 418 2325 intempore
436 2230 642 2302 tentationis
660 2230 735 2302 sine
753 2230 869 2302 fructu
886 2228 1051 2302 inventus
1070 2237 1133 2302 est.

314 2333 426 2406 Terra
444 2340 562 2406 autem
582 2333 694 2430 spinis
712 2333 858 2424 consita,
885 2355 992 2428 quum
1015 2357 1136 2406 semen
1153 2336 1288 2436 aooipe·

157 2477 160 2482 Α
207 2443 276 2530 ret,
294 2435 389 2509 vires
404 2460 485 2509 suas
505 2437 616 2533 spinis
634 2443 771 2509 tantum
790 2443 825 2510 et
843 2435 984 2508 tribulis
1003 2436 1118 2533 dedit3
1137 2465 1205 2536 quo
1223 2443 1288 2516 ite-

152 4175 233 4344 ,¹

207 2565 290 2612 rum
307 2540 476 2636 magister
490 2541 696 2614 charitatem
711 2565 809 2613 suam
829 2539 994 2636 ostendit,
1009 2542 1091 2636 quia
1104 2553 1289 2643 promptus

209 2667 333 2716 semen
352 2667 454 2716 suum
472 2643 657 2718 interram
692 2644 864 2737 mittebat,
895 2667 984 2740 quae
1012 2646 1166 2720 alienum
1191 2649 1288 2724 labo-

207 2772 287 2821 rem
304 2748 467 2821 vinoebat
480 2747 507 2823 ³.
527 2748 696 2837 Quamvis
715 2747 752 2820 in
769 2749 839 2820 ista
855 2755 953 2820 terra
971 2749 1093 2846 spinae
1106 2755 1289 2847 praevale-

207 2860 302 2944 rent,
330 2859 458 2946 tamen,
484 2859 524 2924 ut
550 2852 625 2924 sine
659 2852 884 2924 excusatione
912 2859 1017 2946 esset,
1052 2855 1159 2928 etiam
1184 2858 1222 2930 in
1248 2881 1290 2931 ea

209 2979 315 3028 suum
351 2979 471 3028 semen
513 2956 732 3029 abundanter
768 2955 908 3051 sparsit.
926 2955 1036 3028 Dives
1061 2958 1204 3052 quidam
1229 2986 1290 3036 ve-

209 3059 266 3131 nit
285 3059 443 3155 gaudens
469 3059 513 3132 ad
530 3059 720 3132 Dominum
740 3065 775 3130 et
793 3057 905 3130 dixit:
936 3080 950 3114 u
968 3060 1067 3132 Haeo
1089 3064 1205 3135 omnia
1222 3065 1289 3138 feei
1392 3111 1396 3118 ·

209 3187 233 3235 a
240 3164 429 3259 juventute
447 3186 525 3235 mea
538 3161 586 3238 ¹⁸22.
606 3163 697 3236 Tum
711 3162 897 3256 Dominus,
914 3167 954 3232 ut
972 3186 1052 3234 eum
1067 3165 1112 3236 ad
1125 3168 1289 3241 sanctita-

210 3276 285 3340 tem
302 3267 522 3363 perduceret,
549 3291 685 3339 merum
713 3289 833 3339 semen
851 3267 884 3337 ei
902 3265 1000 3338 dedit
1039 3267 1180 3342 dicens:
1211 3272 1290 3346 “Si

208 3366 1289 3472 visperfeotusesse,vade,vendeomnia,quae

206 3475 348 3546 habes.
359 3474 428 3563 Qui
442 3497 521 3546 oum
533 3475 682 3568 videret,
695 3475 889 3571 perfeetum
905 3497 1025 3547 semen
1039 3475 1237 3573 advenisse,
1249 3487 1290 3554 ut

206 3580 254 3652 ab
265 3579 425 3652 omnibus
436 3577 548 3676 spinis
557 3579 674 3675 ipsum
684 3577 933 3652 suffocantibus
943 3577 1288 3677 liberaretur,tristis
1357 3621 1360 3626 ¹

206 3681 376 3755 inventus
403 3690 457 3755 est
482 3689 627 3779 propter
654 3707 735 3756 suas
757 3681 910 3776 divitias,
937 3705 1026 3779 quae
1054 3683 1136 3759 illae
1165 3688 1287 3785 spinae

209 3791 315 3858 erant
333 3810 413 3858 eum
431 3786 653 3859 suffocantes

214 3913 219 3919 ·
315 3889 766 3966 Terraautembona
792 3895 836 3962 et
862 3889 1013 3987 opima
1038 3891 1174 3967 animae
1193 3901 1286 3990 sunt,

291 4127 316 4182 l.
337 4125 386 4185 Ad
400 4125 526 4185 verbum
539 4149 546 4186 ι
560 4127 681 4186 Malum.

289 4206 317 4261 2.
338 4205 421 4263 Ionio.
446 4209 473 4278 6,
488 4197 536 4286 Gi.

290 4286 317 4341 3.
337 4285 373 4342 Id
387 4289 447 4342 est:
463 4285 620 4344 Oulturam
635 4285 747 4344 Ohristi
761 4305 821 4346 non
835 4285 966 4360 admisit,
982 4291 1013 4346 et
1027 4289 1125 4348 solum
1140 4307 1209 4348 suas
1225 4288 1283 4366 spi·

206 4380 266 4421 nas
279 4364 417 4422 nutrivit.
511 4401 513 4408 ι

289 4449 317 4504 4.
339 4443 435 4502 Mars.
460 4446 505 4515 19,
520 4445 567 4502 20.
581 4447 628 4502 21.
