3260 5020
315 339 384 411 242
475 282 479 289 Ι

231 467 233 474 ’
314 469 380 565 pit,
399 475 438 541 ut
466 491 530 562 per
550 485 631 537 suos
658 468 866 558 acceptor-es
894 463 1168 544 aemulationem
1204 471 1413 562 immitteret

313 573 352 644 in
369 571 504 643 animos
523 577 643 639 eoru'm
671 563 827 660 quicum
848 567 1057 660 rejecerant.
1073 567 1176 656 Quou
1193 581 1315 648 autem
1332 577 1412 673 ipse

312 672 470 770 portavit
487 671 626 764 iignum
645 669 759 740 crucis
779 690 876 761 suae,
897 669 1080 742 victoriam
1099 673 1176 767 ejus
1196 674 1292 748 clare
1319 678 1412 751 indi·

314 783 381 848 cat.
409 775 458 844 Et
475 773 569 868 quod
596 793 668 842 non
684 772 728 843 ab
756 767 837 841 aliis
863 780 1007 844 coactus
1034 773 1079 844 ad
1107 783 1258 850 mortem
1282 779 1410 872 ductus

313 885 381 970 est,
398 875 454 950 his
472 875 592 947 verbis
611 878 763 945 testatus
781 878 859 943 est:
880 875 1130 947 “Potestatem
1153 877 1275 976 ,habeo
1303 907 1412 980 super

314 981 470 1053 animam
496 999 632 1065 meam,
658 974 815 1069 ponendi
842 999 921 1048 earn
957 981 994 1048 et
1020 977 1219 1072 recipiendi
1255 1007 1333 1056 earn
1352 1025 1367 1060 n
1385 988 1411 1061 ⁴.

315 1084 364 1157 Et
402 1079 497 1176 quod
532 1077 623 1149 alius
649 1077 794 1172 quidam
830 1079 864 1148 ci
900 1102 1040 1151 (nucem
1076 1084 1253 1176 pertavit,
1280 1085 1411 1162 iactum

314 1193 379 1278 cst,
396 1192 437 1254 ut
455 1186 665 1276 patesceret,
679 1202 772 1260 eum,
786 1179 825 1250 in
837 1203 908 1274 quc
926 1188 1110 1277 peccatum
1128 1195 1269 1259 nonest
1285 1188 1410 1262 inven-

312 1294 401 1378 turn,
419 1291 566 1382 propter
582 1281 755 1372 hemines,
774 1283 835 1376 qui
852 1283 971 1376 ipsum
990 1309 1009 1356 e
1028 1285 1146 1358 medic
1164 1287 1347 1396 tollebant,
1371 1293 1410 1367 in

313 1412 456 1462 crucem
474 1384 676 1457 ascendisse
690 1383 716 1454 ².

375 1556 377 1561 .
417 1488 465 1562 Si
492 1487 539 1558 in
565 1484 978 1580 ligncviridihcc
1004 1489 1202 1562 faciunt.
1223 1491 1296 1566 Per
1315 1518 1441 1569 corn-x

313 1591 536 1690 parationem
561 1587 736 1660 Dominus
761 1585 900 1681 lignum
917 1589 1032 1662 viride
1060 1615 1161 1664 suam
1184 1595 1408 1674 divinitatem

299 1703 352 1767 'et
369 1695 507 1789 lignum
535 1691 674 1762 aridum
695 1712 755 1761 eos
782 1691 989 1786 appellavit,
1008 1695 1069 1788 qui
1096 1696 1189 1768 dona
1207 1699 1285 1793 ejus
1310 1723 1409 1774 acce²

312 1804 454 1894 perunt.
485 1794 626 1866 Rursus
646 1814 661 1848 u
678 1791 817 1886 lignum
838 1793 954 1865 viride
972 1836 986 1869 ῃ
1007 1796 1111 1890 diriit,
1143 1800 1226 1894 quia
1251 1801 1415 1876 fructum·

312 1901 405 1992 fert,
432 1902 473 1969 ut
503 1894 541 1965 in
571 1894 641 1967 elie
672 1891 748 1968 loce
775 1895 847 1965 ait:
881 1897 1075 1992 “Propter
1104 1903 1198 1996 qued
1234 1905 1407 1978 bonorum

311 2023 460 2098 operum
477 2019 637 2070 meorum
654 2020 710 2068 me
728 1996 896 2092 lapidatis
915 1999 986 2072 »ὅθ
1012 2001 1110 2074 Etsi
1132 2025 1200 2098 ego
1221 2012 1408 2102 tantopere

310 2105 438 2202 patior,
457 2101 494 2171 in
512 2122 582 2194 quc
600 2105 795 2194 peccatum,
816 2107 964 2195 prepter
983 2104 1078 2198 quod
1103 2114 1331 2199 praetextum
1349 2133 1407 2183 me

310 2203 485 2302 perdendi
501 2202 694 2293 haberetis,
708 2225 779 2272 non
798 2202 985 2276 invenistis
1003 2206 1107 2301 (quis
1127 2207 1221 2282 enirn
1241 2235 1287 2282 ex
1303 2212 1406 2285 vobis

311 2315 440 2404 arguet
457 2328 514 2376 me
533 2303 577 2374 de
596 2311 740 2400 peccato
754 2303 771 2373 ‘t
786 2304 838 2398 ¹²),
856 2314 987 2400 quanto
1009 2309 1145 2403 majora
1161 2334 1223 2385 vos
1241 2313 1404 2408 patiemi-

310 2411 379 2482 ni?
407 2413 484 2481 Aut
504 2429 520 2462 α
536 2405 675 2500 lignum
703 2405 850 2482 virides
873 2408 975 2503 dixit,
1002 2411 1088 2506 quia
1114 2412 1284 2486 miracula
1308 2415 1404 2508 fecit,

311 2519 348 2582 et
364 2535 383 2584 u
400 2511 538 2605 lignum
557 2509 730 2582 aridum„
745 2509 862 2604 justos
881 2518 995 2604 vocat,
1022 2514 1083 2608 qui
1110 2514 1203 2588 facta
1228 2517 1409 2592 mirabilia

310 2636 383 2685 non
400 2615 573 2685 feceruut.
593 2611 746 2700 Rursus,
766 2611 797 2683 si
811 2612 925 2684 viride
939 2613 1090 2708 lignum,
1110 2618 1210 2712 cujus
1225 2641 1272 2692 ex
1284 2619 1406 2693 fructi·

310 2717 377 2788 bus
396 2715 637 2805 comederunt,
657 2719 693 2784 et
709 2714 810 2808 cujus
828 2715 1013 2788 frondibus
1033 2717 1200 2792 delectati
1227 2729 1321 2812 sunt,
1339 2723 1407 2794 hcc

309 2819 414 2892 mode
454 2816 534 2889 cdio
566 2814 768 2889 habuerunt
799 2824 836 2888 et
866 2818 1120 2914 perdiderunt,
1151 2824 1251 2896 arido
1287 2816 1406 2922 ligne,

309 2921 404 3016 qued
430 2917 594 3014 germina
614 2921 826 3012 et'gemmas
854 2943 936 2993 suas
955 2945 1026 2992 non
1052 2925 1205 3019 aperuit,
1224 2928 1246 2998 i.
1266 2949 1296 2996 e.
1322 2925 1408 2998 sim·

309 3022 462 3120 plicibus
474 3020 598 3118 justis,
618 3021 679 3116 qui
698 3019 800 3116 sfgna
817 3045 889 3094 nen
906 3024 1078 3116 fecerunt,
1097 3027 1183 3122 quid
1199 3029 1363 3102 facient?

414 3125 532 3212 Quum
552 3146 634 3196 eum
652 3123 689 3194 in
708 3147 848 3196 crucem
868 3135 1031 3221 egerunt,
1050 3129 1305 3204 crucifixerunt
1322 3153 1404 3202 cum

310 3250 352 3298 eo
380 3233 417 3298 et
443 3227 531 3300 duos
558 3223 814 3321 malefactores,
841 3235 890 3299 ut
916 3229 1255 3326 perficeretur,
1281 3233 1405 3329 quod

310 3329 486 3401 dictum
527 3340 620 3402 est:
652 3325 760 3400 Cum
799 3329 981 3424 iniquis
1022 3341 1281 3428 reputatus
1321 3342 1408 3408 est'

310 3432 426 3523 Unus,
440 3430 601 3524 quamvis
616 3429 825 3522 nesciamus,
839 3438 958 3519 utrurn
974 3432 1203 3509 circumcisus
1218 3443 1402 3530 essetnec

309 3557 368 3626 ne,
389 3533 507 3606 verbis
527 3531 600 3605 suis
618 3531 822 3610 circumciso
842 3533 968 3608 similis
993 3535 1082 3628 fuit3
1109 3537 1200 3612 alter
1218 3563 1316 3632 vere,
1335 3540 1403 3613 etsi

201 3699 206 3714 ,
310 3634 523 3728 nesciamus,
536 3641 656 3708 utrum
669 3633 727 3706 hic
740 3633 1006 3710 incircumcisus
1020 3645 1126 3730 esset,
1139 3663 1205 3712 nec
1224 3666 1269 3713 ne
1283 3642 1404 3720 uerbis

309 3739 384 3811 suis
400 3737 669 3812 similitudinem
686 3736 1009 3812 incircumcisorum
1027 3739 1162 3814 habuit.
1176 3744 1281 3816 Unus
1295 3743 1402 3816 dixit:

312 3841 361 3913 Si
392 3847 439 3912 tu
467 3863 514 3912 es
543 3837 768 3917 Christus
783 3838 810 3934 ⁵,
828 3839 850 3912 i.
866 3863 895 3914 e.
914 3865 992 3935 rex,
1004 3842 1111 3940 juxta
1128 3846 1239 3919 verba
1255 3845 1406 3918 circum·

390 4061 417 4116 1.
438 4059 523 4117 Ionr.
539 4060 586 4130 10,
604 4060 650 4116 18.

389 4138 418 4193 2.
440 4136 498 4192 Hic
510 4137 598 4195 locus
616 4152 655 4195 ex
670 4136 739 4201 eod,
751 4134 777 4191 B
791 4135 972 4194 emendatus
987 4141 1044 4200 est.

390 4217 418 4272 3.
439 4213 524 4272 Ionn.
541 4216 587 4288 10,
603 4217 650 4272 32.

389 4294 417 4350 4.
439 4292 524 4348 Ionu.
539 4292 568 4362 8,
583 4294 631 4350 46.

389 4371 417 4430 5.
438 4369 544 4431 Verba
557 4369 601 4430 sic
615 4387 648 4429 se
663 4367 796 4430 habeut:
822 4384 834 4417 α
847 4369 956 4432 Nonne
971 4389 1005 4431 es
1020 4371 1054 4430 tu
1068 4369 1260 4436 Christum?
1285 4370 1346 4433 eeu
1360 4389 1403 4432 ex
