3218 5026
286 514 400 587 Exnlt
385 513 474 588 tavit
491 539 576 612 prae
594 513 722 616 gaudio
740 515 902 608 Ioannes,
930 537 1057 586 munus
1084 515 1269 610 praeconis

180 617 251 690 sibi
279 617 400 691 datum
428 619 639 736 significans.
660 619 828 692 Gaudens
855 618 955 690 exult
942 617 1030 690 tavit
1015 616 1267 690 tinlansste-

180 720 348 793 rilist
287 729 369 793 ante
396 722 508 795 infant
494 729 565 796 tem
591 722 751 818 virginis
771 721 954 810 Quaesivit
940 721 1116 794 tloannes
1143 721 1268 795 matris

183 848 269 896 suae
288 823 457 920 linguam,
476 825 607 923 quade
625 826 777 898 Domino
803 826 937 898 diceret
921 824 1122 922 tt'prophe
1113 849 1193 896 1am.
1212 826 1268 898 Ao

180 934 372 1024 propterea
388 953 453 1025 per
471 953 535 1002 sex
551 953 703 1022 menses,
721 929 832 1002 donec
852 931 1011 1002 membra
1027 928 1170 1001 infantis
1187 951 1268 1024 per-

179 1031 274 1104 fecta
300 1039 429 1126 essent,
465 1041 653 1130 conceptus
679 1033 864 1132 Elisabeth
889 1031 1167 1106 abscondebatur
1191 1029 1270 1104 Ma-

181 1134 268 1228 riae,
285 1143 326 1208 ut
342 1135 456 1208 infans
475 1144 555 1208 ante
574 1137 765 1209 Dominum
792 1160 894 1208 suum
915 1135 1148 1208 laetabundus
1167 1134 1269 1208 exili·

204 1245 240 1309 et
267 1246 303 1310 et
328 1240 505 1312 exiliendo
524 1239 658 1312 Mariae
685 1240 786 1313 testis
803 1240 914 1314 fieret.
940 1237 1125 1342 Exultatio
1150 1243 1270 1311 autem

182 1341 328 1415 infantis
346 1343 383 1414 in
400 1351 501 1416 utero
518 1343 641 1416 matris
658 1367 729 1416 non
755 1346 798 1416 ab
816 1343 893 1441 ipso
909 1343 1042 1416 infante
1061 1342 1186 1414 effecta
1202 1347 1268 1437 est,

182 1468 249 1517 nec
267 1446 359 1540 inde,
379 1447 473 1542 quod
492 1445 646 1544 quinque
663 1448 838 1520 mensium
855 1453 942 1541 erat,
958 1446 1132 1544 provenit,
1149 1446 1212 1518 sed
1228 1452 1270 1520 ut

183 1549 300 1644 gratia
316 1551 354 1621 in
371 1559 472 1624 utero
491 1551 614 1644 sterili,
629 1551 785 1646 quicum
801 1557 1019 1648 conceperat,
1038 1573 1076 1623 se
1092 1549 1270 1624 revelaret

183 1659 221 1724 et
238 1653 400 1748 Virginis
418 1677 555 1751 quoque
573 1661 696 1727 uterus
717 1678 881 1751 magnam
898 1659 1068 1750 cognatae
1086 1676 1170 1726 suae
1188 1677 1268 1749 gra-

180 1757 269 1828 tiam
295 1765 532 1853 cognosceret,
567 1758 788 1855 mundusque
824 1759 994 1852 crederet,
1028 1757 1119 1830 filios
1146 1779 1287 1856 earum¹

179 1883 247 1956 per
263 1883 386 1934 vocem
404 1861 648 1935 annunciantis
667 1855 868 1956 Gabrielis,'
887 1862 948 1958 qui
963 1862 1147 1959 utriusque
1165 1860 1268 1956 quasi

171 1963 327 2036 ‘colonus
347 1972 432 2059 erat,
451 1973 636 2063 conceptos
650 1990 739 2038 esso.
754 1966 845 2054 Quia
857 1967 967 2062 igitur
978 1965 1141 2058 Ioannes,
1158 1988 1268 2060 quum

182 2067 371 2162 exultaret,
390 2069 541 2143 clamare
557 2076 591 2141 et
605 2071 648 2142 de
662 2070 813 2142 Domino
832 2093 895 2142 suo
913 2069 1100 2142 testificare
1118 2089 1189 2140 non
1205 2091 1268 2164 po-

180 2177 296 2264 terat,¹
312 2179 425 2246 mater
444 2174 519 2270 ejus
537 2173 653 2246 dicere
671 2173 786 2271 coepit
802 2173 834 2246 ¹:
861 2173 1120 2246 Benedicta
1145 2176 1194 2244 tu
1219 2171 1267 2244 in

181 2273 467 2349 mulieribus
492 2284 535 2349 et
556 2275 841 2350 benedictus
868 2278 1053 2351 fruetus
1079 2274 1266 2350 ventris

180 2377 259 2451 tui
279 2380 324 2464 In
338 2387 495 2452 emortuo
508 2406 533 2453 ιι
534 2387 609 2453 tero
534 2379 794 2454 tDominus
808 2388 888 2454 ιιοιι
890 2404 928 2454 ιι
941 2402 1150 2478 praeconem
1163 2401 1267 2452 suum

179 2484 455 2602 praeparavitu
431 2491 538 2556 uttos
456 2483 696 2576 tt,etndere
670 2490 753 2556 ιιι
771 2492 949 2558 mortuum
966 2484 1143 2558 Adamum
1160 2505 1267 2586 quae·

181 2585 290 2658 situm
315 2588 465 2660 venisse.
501 2541 704 2660 Vivifioavit
690 2588 821 2685 tprius
838 2596 979 2662 uterum
1004 2579 1269 2680 Elisabethmet

178 2697 304 2786 postea
320 2714 465 2790 corpore
484 2714 546 2763 suo
563 2685 755 2765 vivificabit
740 2692 998 2810 tsepulohrum
1014 2689 1155 2764 Adami.

284 2794 427 2868 Elisabe
429 2795 495 2868 th
429 2802 524 2868 tm
542 2801 660 2866 seneot
661 2802 701 2867 ut
702 2819 721 2866 e
738 2795 878 2892 peperit
863 2795 959 2868 ιιι1ι
934 2802 1059 2868 timum
1076 2794 1228 2890 prophet
1229 2817 1270 2864 a·

180 2922 271 2991 rum,
292 2906 327 2970 et
344 2898 460 2972 Maria
484 2899 522 2977 in
542 2899 696 2995 juvenili
714 2905 828 2972 aetate
850 2899 1031 2972 dominum
1048 2897 1270 2992 angelorum.

180 3001 276 3074 Filia
288 3003 441 3076 Aoronis
459 3001 598 3100 peperit
610 3025 732 3076 vocem
745 3002 907 3075 clamoris
921 3002 959 3073 in
972 3001 1124 3094 deserto,
1142 3007 1178 3072 ιι
1195 2999 1269 3074 filia

176 3105 274 3200 regis
304 3105 421 3180 David
446 3107 606 3180 Verbum
631 3105 727 3201 regis
753 3105 926 3178 eoelestis.
953 3105 1056 3178 Uxor
1074 3103 1267 3178 sacerdotis

174 3209 316 3304 peperit
333 3209 498 3305 angelum
515 3208 617 3282 faciei
635 3211 723 3306 ejus,
739 3217 775 3281 et
786 3209 860 3282 filia
871 3207 989 3282 David
1005 3207 1133 3280 fortem
1149 3206 1267 3282 Deum

176 3319 363 3386 terrarum.
383 3312 523 3386 Sterilis
539 3314 680 3410 peperit
702 3338 783 3386 eum
801 3313 863 3410 qui
879 3317 1024 3410 peccata
1049 3310 1209 3405 remittit,
1229 3319 1266 3383 ιι

175 3417 279 3512 uirgo
306 3441 387 3489 eum
413 3416 473 3513 qui
498 3416 592 3488 tollit
609 3424 753 3514 peccata
766 3416 791 3489 ².
818 3416 1004 3490 Elisabeth
1021 3414 1162 3512 peperit
1183 3439 1265 3488 eum

176 3520 238 3615 qui
256 3521 460 3593 reconciliat
476 3520 636 3592 homines
655 3545 719 3618 per
736 3521 1002 3618 poenitentiam,
1023 3525 1058 3592 et
1071 3517 1187 3592 Maria
1204 3543 1266 3616 ge·

176 3623 255 3696 nuit
274 3648 354 3697 eum
371 3625 432 3722 qui
450 3623 612 3720 purificat
629 3631 743 3698 terras
767 3627 810 3699 ab
828 3622 1060 3696 immunditia.
1077 3623 1175 3696 Natu
1191 3645 1265 3695 ma-

171 3727 231 3822 jor
248 3727 287 3800 in
304 3729 407 3800 domo
432 3729 537 3801 Iacob
563 3729 675 3824 patris
702 3727 758 3800 sui
782 3727 941 3802 accendit
957 3725 1149 3819 lucernam,
1172 3749 1263 3822 quae

177 3837 233 3904 ιιι
248 3831 326 3929 ipse
340 3833 502 3925 Ioannes,
517 3836 553 3904 et
565 3837 651 3904 natu
664 3831 779 3906 minor
793 3831 955 3906 omnibus
970 3830 1135 3925 gentibus
1150 3827 1262 3903 solem

257 4081 285 4137 1.
304 4080 343 4138 In
356 4081 423 4141 eod
436 4081 480 4140 Β.
494 4081 693 4140 Diffusust
645 4084 693 4140 ιιι
707 4081 831 4159 spiritus
845 4084 913 4160 ejus
927 4099 1019 4158 super
1028 4084 1167 4156 matrem,
1181 4095 1262 4156 qnae

177 4157 283 4234 coepit
297 4157 461 4219 diceretc
414 4163 472 4219 etc

256 4238 285 4294 2.
306 4237 356 4296 Ita
368 4239 407 4297 ad
420 4237 547 4298 verbum
561 4239 656 4298 hahet
665 4242 816 4298 textust
781 4261 801 4299 u
803 4241 942 4317 trinoque
954 4236 1078 4298 codicis.
1089 4237 1189 4308 Quum
1201 4235 1261 4296 dis-

175 4314 326 4408 tingpitpr
338 4318 417 4376 inter
434 4317 613 4376 “remittere
627 4321 736 4395 peccat
738 4339 781 4378 ιιι
772 4324 829 4380 ιιι
845 4319 976 4379 “tollere
986 4321 1149 4394 peccatos,
1163 4319 1260 4394 patet,

175 4394 390 4456 remissionem
410 4398 468 4456 hoc
489 4396 557 4456 loco
587 4415 649 4456 non
680 4414 746 4459 esse
767 4400 888 4478 plenam
907 4396 1026 4476 peccati
1046 4394 1258 4468 sublationem,
1373 4478 1376 4486 μ

175 4491 270 4550 quam
287 4477 369 4535 solus
385 4475 487 4536 effecit
500 4475 649 4534 Christus.
