3260 5020
706 171 713 185 X

782 197 793 217 ⁸
896 199 908 231 ὓ

311 299 381 370 246

310 428 397 502 Dei
424 435 526 500 erat
553 429 635 500 hic.
668 425 871 518 Vidistine,
904 426 1073 522 quamdiu
1105 427 1272 500 tenebrae
1310 427 1405 498 circa

313 529 510 604 anteriores
537 529 657 602 oculos
685 552 808 601 eorum
836 529 1150 622 condensarentur,
1169 531 1335 602 tenebras
1358 529 1405 599 ab

313 633 541 706 interioribus
569 655 690 704 eorum
709 629 981 724 cogitationibus
1007 655 1078 703 non
1099 651 1178 703 esse
1205 630 1364 704 sublatas
1378 629 1407 722 ¹,

312 736 397 832 quia
422 734 663 809 obtenebratis
691 733 806 828 caligo
826 739 881 808 est
907 733 1093 806 naturalis.
1117 733 1208 805 lllae
1234 734 1403 805 tenebrae

310 860 375 910 eos
403 837 618 928 docuerunt,
645 858 735 931 quae
764 841 859 906 esset
893 832 1136 909 obtenebratio
1173 835 1271 910 illius
1306 833 1405 926 solis,

308 950 421 1035 'quem
440 939 535 1012 cruci
561 938 762 1010 affixerant.
792 937 941 1025 Quando
967 938 1020 1010 sol
1041 937 1204 1034 justitiae
1231 957 1407 1033 apparue-

311 1049 381 1134 rat,
399 1041 561 1138 leprosos
589 1039 765 1111 mundans
795 1046 831 1111 et
857 1063 1041 1112 caecorum
1073 1039 1194 1112 oculos
1228 1039 1407 1134 aperiens,

313 1161 379 1240 per
397 1145 503 1216 istam
529 1144 645 1216 lucem
669 1141 764 1214 caeci
790 1159 862 1213 non
885 1150 1129 1238 cognoverunt
1155 1164 1278 1237 regem
1303 1139 1406 1212 urbis

311 1245 615 1342 ierosolymorum
632 1243 786 1316 venisse.
804 1242 920 1330 Quum
941 1251 1060 1318 autem
1080 1245 1136 1318 eis
1151 1245 1204 1316 sol
1231 1241 1409 1314 naturalis

313 1347 516 1441 defecisset,
535 1355 620 1420 tunc
636 1369 700 1442 per
717 1346 805 1418 istas
832 1349 999 1420 tenebras
1026 1347 1079 1420 eis
1104 1346 1262 1420 lucidum
1288 1343 1409 1438 fiebat,

310 1444 497 1524 ‘excidium
516 1449 614 1522 urbis
634 1471 717 1520 suae
737 1447 935 1521 advenisse.
957 1449 1186 1542 “Venerunt
1200 1448 1260 1538 ait,
1273 1447 1412 1544 judicia

312 1549 507 1625 stitutionis
533 1547 830 1646 ierosolymorum
850 1588 864 1622 n
882 1549 907 1622 ².
935 1552 1027 1640 Quia
1052 1553 1172 1649 itaque
1199 1551 1287 1622 haec
1321 1551 1409 1622 urbs

310 1676 390 1730 non
408 1655 542 1751 recepit
560 1677 640 1725 eum
657 1652 720 1747 qui
746 1675 824 1724 cam
850 1652 1108 1748 aedificaverat,
1129 1653 1288 1726 restabat
1305 1651 1411 1744 ei,'ut

318 1756 458 1831 ruinam
478 1780 578 1828 suam
597 1755 735 1828 videret
747 1753 773 1825 ³.
1347 1801 1355 1808 -.

312 1905 315 1946 3
422 1858 493 1930 Sed
507 1859 544 1929 in
560 1859 718 1930 futurum
734 1878 779 1927 ne
798 1854 865 1927 hoc
881 1857 1022 1952 quidem
1046 1857 1123 1951 tibi,
1137 1879 1158 1929 o
1180 1857 1204 1931 J
1205 1856 1335 1950 udaee,
1353 1877 1411 1926 re-

319 1966 390 2033 stat
408 1961 541 2052 videre,
560 1959 645 2056 quia
661 1960 786 2031 urbem
806 1965 902 2029 tuam
923 1960 1000 2056 jam
1018 1959 1174 2032 dirutam
1193 1965 1229 2030 et
1247 1958 1409 2030 destruo·

312 2069 391 2134 tam
422 2063 554 2136 vidisti.
585 2063 682 2156 Ergo
701 2083 781 2130 oum
812 2063 899 2134 urbs
925 2068 988 2134 tua
1018 2061 1137 2135 diruta
1162 2068 1198 2133 et
1228 2059 1413 2132 destructa
1627 2069 1628 2110 l

309 2164 368 2236 sit
382 2163 450 2257 '⁸,a
468 2165 587 2237 diruta
605 2170 641 2235 et
658 2164 840 2235 destructa
859 2172 920 2236 tua
937 2165 1025 2238 urbe
1047 2164 1156 2258 disce,
1174 2163 1254 2259 quis
1271 2163 1333 2234 ille
1351 2161 1411 2254 sit,

312 2267 381 2361 ‘qui
400 2267 586 2340 ecclesiam
604 2264 789 2362 plantavit.
807 2264 856 2336 Et
874 2288 919 2338 ex
939 2289 980 2338 eo
998 2267 1093 2362 quod
1110 2266 1175 2339 filii
1192 2263 1291 2338 urbis
1308 2265 1411 2336 Ieru-

320 2368 431 2441 salem
449 2369 487 2440 in
506 2391 628 2440 omnes
645 2367 805 2438 nationes
832 2368 994 2462 gentium
1012 2368 1164 2465 &sparsi
1183 2375 1220 2440 et
1244 2365 1408 2461 dissipati

311 2477 414 2563 sunt,
433 2469 541 2562 disee,
560 2469 640 2565 quis
667 2469 729 2540 ille
744 2469 806 2561 sit,
825 2470 886 2564 qui
912 2494 1035 2544 omnes
1061 2471 1231 2543 nationes·
1249 2467 1410 2563 gentium

318 2571 354 2642 in
384 2573 464 2667 sinu
492 2569 661 2643 ecclesiae
688 2570 834 2666 collegit
853 2579 889 2644 et
915 2573 1158 2668 congregavit.
1185 2570 1412 2646 steininen

313 2675 513 2768 ¹persuadet
543 2673 641 2745 sinus
667 2673 863 2766 maritatae,
882 2698 972 2770 quae
1001 2675 1135 2748 semine
1163 2677 1287 2749 orbata
1315 2679 1371 2744 est
1384 2671 1411 2764 5,

313 2773 384 2850 tibi
410 2775 624 2872 persuadeat
651 2774 750 2846 sinus
778 2776 922 2869 sterilis,
948 2801 1041 2876 quae
1068 2777 1255 2872 gravidata
1278 2775 1410 2846 loetum

313 2885 437 2973 portat
451 2879 477 2950 ⁶.
496 2880 548 2951 At
567 2878 597 2949 si
616 2877 892 2951 destructionem
911 2887 947 2952 et
975 2881 1116 2953 ruinam
1142 2879 1241 2951 illius
1266 2877 1338 2948 non
1355 2877 1409 2948 vi-

318 2981 393 3074 des,
420 2981 553 3054 foetum
572 3003 712 3075 quoque
739 2989 775 3052 et
800 2989 943 3076 partum
971 2981 1077 3078 hujus
1102 2980 1166 3054 vix
1191 2978 1341 3055 videbis.
1370 2979 1409 3052 Si

317 3107 402 3156 vero
428 3083 528 3156 illam
564 3081 844 3156 destructam-et
869 3084 1051 3157 viduatam
1077 3083 1201 3177 vides,
1227 3103 1344 3154 nonne
1372 3088 1410 3154 et

289 3217 292 3222 ·
313 3185 410 3258 banc
436 3186 637 3258 maritatam
657 3192 694 3256 et
719 3185 803 3257 filiis
821 3183 960 3260 auctam
978 3185 1144 3262 videbis?
1163 3185 1257 3274 Quid
1274 3183 1341 3256 tibi
1356 3182 1411 3256 vi·

313 3287 420 3360 ‘detur
439 3287 547 3361 istum
573 3287 687 3359 locum
717 3287 923 3384 Scripturae
950 3289 1108 3385 legenti:
1130 3311 1145 3346 s
1167 3288 1297 3360 Plures
1322 3286 1406 3358 facti

316 3397 401 3462 sunt
427 3390 492 3463 filii
518 3389 703 3483 viduatae,
731 3413 837 3486 quam
865 3392 1078 3466 maritatae„
1094 3389 1121 3464 ⁷.
1148 3389 1253 3464 Etsi
1279 3410 1408 3462 sensus

396 3639 422 3694 1.
444 3637 470 3693 Ι.
484 3655 511 3694 e.
528 3639 629 3696 subito
643 3655 704 3696 non
719 3644 789 3695 sunt
804 3639 954 3699 sublatae.
969 3639 1060 3699 Modo
1076 3641 1154 3698 enim
1172 3638 1269 3697 dixit:
1290 3638 1405 3698 aMens

313 3727 418 3772 'eorum
435 3715 650 3790 paullatim„
669 3717 770 3790 coepit
784 3717 957 3775 illuminari.

317 3842 320 3850 .
393 3795 421 3849 2.
443 3792 488 3849 Οἳ.
503 3793 808 3863 Dau.9,2veanu.
823 3797 851 3868 9,
866 3797 914 3854 26.

312 3913 315 3917 .
393 3875 420 3926 3.
442 3871 546 3928 Verba
560 3872 650 3947 hujus
664 3873 835 3929 sententiae
850 3873 893 3932 sic
908 3891 941 3930 se
957 3873 1072 3932 habent
1084 3894 1091 3932 τ
1105 3873 1191 3932 Haec
1215 3872 1310 3946 igitur
1328 3869 1403 3926 urbs
1456 3875 1460 3879 “

315 3967 376 4008 non
388 3950 523 4022 suscepit
536 3969 602 4006 eum
619 3950 670 4024 qui
685 3968 750 4006 earn
766 3951 992 4022 aedificaverat,
1006 3953 1102 4010 instat
1115 3953 1172 4010 tibi
1185 3951 1301 4021 videre,
1320 3945 1402 4022 quod

314 4031 345 4084 te
360 4025 505 4084 eradicat.
520 4028 548 4085 8.
563 4035 673 4085 auctor
685 4028 798 4086 ultimis
814 4029 916 4087 verbis
931 4029 1038 4087 urbem
1053 4027 1166 4106 alloqui
1180 4029 1313 4089 videtur.

392 4108 419 4161 4.
445 4103 529 4162 Haeo
547 4105 700 4163 sententia
716 4125 755 4166 ex
768 4103 835 4166 cod.
849 4108 874 4164 B
889 4109 1005 4167 inserta
1020 4111 1078 4175 est·
1151 4133 1161 4149 ⁶

392 4183 421 4238 5.
442 4181 467 4236 Ι.
484 4195 510 4238 e.
524 4183 695 4258 synagoga.

389 4263 417 4317 6.
437 4258 462 4314 Ι.
478 4276 505 4316 e.
520 4259 668 4318 Ecclesia·

390 4340 417 4395 7.
439 4337 513 4396 Gan.
528 4341 556 4415 4,
571 4338 608 4396 27
625 4337 711 4398 etls.
727 4339 774 4414 54,
791 4341 829 4396 1.-
