3280 5028
1235 321 1299 392 171

222 446 318 519 dedit
337 447 479 520 divitias
497 445 534 518 in
552 432 659 540 terra,
674 455 709 522 et
727 447 818 520 alter
837 461 974 542 quoque
994 449 1223 544 praeparavit
1238 445 1309 520 doss

221 555 316 624 mum
334 552 580 624 thesaurorum
599 553 636 624 in
655 551 771 624 coelis.
790 551 869 622 Lex
888 551 996 645 igitur
1010 552 1108 624 dedit
1126 554 1217 625 bona
1230 559 1302 624 ter-

220 679 281 728 rae
301 661 336 727 et
354 654 527 727 Dominus
552 657 645 730 bona
661 655 699 728 in
717 654 869 728 excelsis
897 655 919 726 i.
935 677 964 725 e.
983 655 1227 754 unusquisque
1255 679 1301 726 ex
1419 696 1421 701 ·

222 759 294 832 suis
314 759 425 831 donis.
444 758 557 832 Porro
575 760 668 832 bona
685 759 871 832 terrestria
900 758 1081 854 possidere
1109 766 1258 856 possunt
1275 759 1302 830 ii

140 863 144 872 '
221 863 282 960 qui
306 861 478 936 haeredes
501 887 622 952 eorum
648 863 822 956 occidunt,
849 869 992 934 econtra
1018 865 1110 936 bona
1149 877 1317 960 superna

219 968 404 1064 possident
434 965 460 1036 ii
485 967 547 1063 qui
572 967 787 1040 occiduntur.
815 967 913 1038 Deus
940 966 1128 1062 patribus¹
1158 967 1302 1040 divitias

220 1071 328 1166 dedit,
354 1071 480 1166 quibus
508 1069 658 1144 Iudaeos
685 1071 949 1163 exhortabatur,
976 1079 1015 1142 ut
1040 1079 1160 1166 patres
1187 1071 1301 1142 imita·

222 1183 347 1248 rentur
367 1181 403 1246 et
420 1197 441 1246 a
457 1175 617 1270 patribus
642 1175 806 1247 instructi
833 1197 1008 1272 pauperes
1034 1175 1169 1248 nutrire
1188 1175 1302 1248 disce-⁴

200 1287 310 1372 ¹rent.
329 1280 380 1352 At
397 1276 461 1350 filii
479 1278 524 1350 ad
550 1279 692 1352 divitias
717 1285 869 1375 patrum,
887 1301 958 1349 non
984 1284 1102 1350 autem
1129 1280 1174 1352 ad
1195 1281 1302 1378 justi-

219 1383 306 1456 tiam
324 1405 445 1454 eorum
463 1391 700 1478 respexerunt
715 1409 723 1476 ;
743 1389 868 1478 gentes
885 1405 969 1454 vero
996 1391 1231 1478 respexerunt
1258 1383 1304 1454 ad

216 1487 393 1584 justitiam
412 1492 447 1557 et
464 1509 537 1558 non
552 1487 597 1558 ad
616 1487 757 1560 divitias
782 1486 935 1560 illorum.
959 1483 1166 1580 Considera,
1183 1487 1304 1560 Domi-

147 1647 151 1656 .
226 1616 310 1664 num
339 1590 372 1662 ei
398 1587 556 1664 dixisse:
584 1591 680 1664 Hoc
705 1591 854 1662 facies
882 1599 926 1661 et
952 1589 1093 1663 vives.
1122 1591 1304 1679 Quomodo

225 1694 367 1768 difficile
387 1699 442 1766 est
466 1694 561 1768 hoc?
581 1694 734 1768 Difficile
753 1702 890 1768 tantum
909 1700 963 1766 cst
980 1692 1110 1768 talibus
1137 1718 1201 1791 per
1222 1717 1303 1792 por-

189 1887 192 1892 ,
222 1806 294 1872 tam
312 1798 548 1896 perfectorum
566 1806 601 1870 et
618 1795 1020 1897 crucemportentiuma
1037 1799 1171 1871 intrare
1193 1799 1231 1870 in
1250 1821 1305 1872 re·
1364 1873 1366 1882 ,

221 1927 332 1998 gnum
359 1903 546 1976 coelorum.
576 1903 628 1976 Ut
645 1910 748 2000 porta
773 1903 876 1976 datur
902 1903 940 1974 in
967 1908 1061 1974 statu
1086 1902 1304 1997 virginitatis
1378 1955 1380 1973 .
1412 1969 1415 1977 ,

222 2005 438 2103 degentium,
456 2007 506 2078 ita
524 2013 559 2078 et
576 2006 680 2081 datur
697 2013 800 2104 porta
816 2009 854 2079 in
878 2005 1009 2078 mundo
1035 2005 1253 2102 degentium,
1269 2013 1305 2080 et
1351 2091 1353 2099 Ι

222 2111 409 2184 inmundo
428 2111 598 2207 degentes
625 2135 690 2208 per
708 2133 808 2184 suam
834 2116 971 2206 portam
998 2109 1035 2181 in
1052 2133 1204 2206 regnum
1225 2135 1305 2208 pos-

223 2221 306 2288 sunt
323 2214 468 2308 intrare,
488 2215 549 2288 sed
567 2239 631 2310 per
650 2221 787 2312 portam
805 2213 983 2309 virginum
1002 2212 1144 2286 difficile
1172 2222 1226 2287 est
1253 2215 1304 2288 eis
1359 2267 1361 2272 .

223 2319 368 2391 intrare.
397 2318 497 2406 Quod
524 2318 698 2392 Dominus
725 2318 915 2391 affirmavit
941 2317 1088 2390 dicens:
1118 2317 1304 2394 “Difficile

225 2431 280 2504 est
296 2463 325 2515 n,
342 2446 414 2495 non
432 2430 573 2494 autem:
595 2443 610 2479 a
627 2421 852 2518 Impossibile
871 2428 926 2494 est
943 2461 970 2496 n.
1024 2435 1028 2456 ¹

329 2526 515 2600 Pharisaei
545 2525 764 2599 occasionem
793 2532 976 2623 captantes
1008 2526 1227 2600 occasionem
1245 2551 1305 2601 vo·
1361 2545 1364 2553 ·

224 2631 369 2705 luerunt
386 2630 546 2705 invenire
566 2637 601 2702 et
618 2653 710 2703 unus
729 2653 773 2702 ex
794 2629 844 2702 eis
863 2629 1029 2724 renitet
1053 2637 1208 2704 tentaret
1234 2631 1306 2704 Do-

220 2735 356 2808 minum
373 2728 409 2807 et
424 2735 573 2826 videret,
587 2740 706 2806 utrum
725 2733 905 2830 perfeeti0,
918 2755 1023 2829 quam
1042 2733 1171 2829 docuit,
1187 2736 1306 2830 legem

221 2840 385 2913 solveret.
412 2837 584 2911 Dominus
610 2861 650 2910 os
675 2837 781 2934 hujus
807 2836 992 2909 tentatoris
1012 2839 1130 2910 statim
1148 2861 1305 2933 compes-

118 3011 120 3024 ,
222 2943 294 3016 cuit
320 2943 463 3016 dicens:
494 2943 595 3016 Non
617 2949 690 3014 est
712 2939 1133 3036 bonus,nisiunus,
1152 2949 1188 3014 et
1207 2940 1304 3014 dein:

223 3047 389 3121 Scisne
429 3046 654 3119 mandata.
701 3044 836 3132 Quibus
871 3043 991 3116 verbis
1031 3044 1144 3138 primo
1181 3045 1305 3141 rejecit
1365 3101 1369 3108 .

220 3151 337 3224 Deum
368 3151 533 3244 alienum,
564 3173 609 3221 ne
640 3148 793 3246 amplius
819 3148 1074 3241 nominaretur,
1105 3156 1141 3220 et
1172 3147 1303 3243 docuit,

219 3254 388 3328 mandata
404 3255 543 3328 vivifica
561 3261 641 3326 ante
660 3253 777 3350 ipsum
795 3251 928 3345 fuisse,
957 3251 1110 3323 secundo
1132 3259 1306 3326 monstra·
1414 3311 1420 3336 ,

220 3359 284 3451 vit,
302 3357 384 3431 illos
411 3381 515 3457 posse
543 3357 684 3450 salvari,
702 3364 738 3428 et
764 3357 882 3448 tertio,
900 3353 983 3450 quia
1009 3378 1131 3428 amans
1154 3377 1235 3430 eum¹
1252 3357 1306 3429 in-

220 3465 333 3542 tuitus
351 3470 416 3554 est,
435 3461 601 3555 ostendit,
619 3467 836 3556 quantopere
855 3458 925 3554 ipsi
951 3457 1024 3531 cari
1050 3468 1169 3533 essent
1194 3461 1220 3532 ii
1246 3463 1308 3557 qui

220 3568 387 3641 mandata
403 3566 523 3664 priora
540 3565 645 3662 plane
664 3568 905 3638 observarunt.
925 3563 1135 3659 Adjungens
1162 3572 1306 3637 autem:

222 3671 370 3744 Aliud
398 3671 545 3743 adhuc
572 3669 663 3743 tibi
689 3691 802 3763 opus
831 3674 914 3758 est,
942 3666 1146 3762 declaravit,
1177 3669 1308 3740 adven-

221 3783 298 3848 tum
316 3797 420 3847 suum
437 3798 508 3846 non
525 3773 662 3846 futilem
681 3778 716 3844 et
734 3771 874 3843 inanem
891 3771 1011 3842 fuisse.
1036 3771 1229 3851 Praeterea
1248 3773 1307 3844 de-

219 3881 334 3953 fectus
360 3877 592 3975 plenitudinis
614 3877 652 3948 in
678 3874 788 3972 priori
814 3874 894 3970 lege
922 3874 1026 3947 deum
1053 3874 1209 3948 alienum
1236 3899 1309 3949 non

197 4059 198 4062 ,
221 3983 350 4082 prodit.
371 3981 410 4054 Si
426 3981 640 4056 Pharisaeus
658 3979 827 4051 mentitus
847 3984 941 4051 esset
964 3971 1107 4056 dicensi
1126 3979 1223 4052 Hoc
1245 3979 1308 4051 ⁴fe-

223 4088 275 4180 ci,
294 4086 373 4184 quis
392 4110 471 4159 eum
489 4083 687 4181 impediret,
705 4081 893 4180 quominus
913 4081 1069 4156 diceret:
1093 4085 1203 4158 “Hoc
1222 4107 1307 4180 quo·

303 4358 330 4412 1.
352 4353 400 4410 ste
413 4354 441 4410 h.
456 4353 475 4410 l.
492 4351 688 4409 Patriatchae
704 4351 903 4427 appellantur.

302 4433 330 4492 2.
352 4433 400 4490 Ad
415 4431 560 4492 uerbum:
578 4429 809 4490 Crucifixorum.
913 4497 916 4502 Ι
