3260 5020
1246 327 1314 400 269

326 453 474 527 Porro
500 443 536 524 id
554 451 648 545 feeit,
667 448 707 523 ut
725 453 941 548 ostenderet,
964 463 1047 527 suos
1073 454 1233 530 inimieos
1251 479 1315 552 po·

219 562 388 631 testatem
406 579 477 628 non
490 555 662 628 habuisse
687 579 814 630 manus
839 557 877 630 in
901 581 982 629 eum
1009 557 1195 631 inferendi.
1213 558 1315 635 Ami·

215 661 273 732 oia
291 667 408 732 autem
439 659 514 754 ejus
541 659 692 730 faoultas
720 665 776 731 est
804 661 875 734 alio
902 652 1078 732 modoad
1105 683 1186 734 eom
1214 685 1315 734 aeae-

222 762 340 855 dendi,
359 761 529 837 videlieet
546 761 583 832 in
610 783 729 834 amore
757 768 793 833 et
819 763 958 835 timore.
978 763 1048 852 Qui
1075 787 1183 859 quum
1210 764 1313 861 quasi

222 863 380 962 passioni
398 889 478 937 eum
499 864 720 958 submittant,
739 867 904 959 quoniam
924 890 1016 958 eum,
1031 889 1093 938 seu
1112 890 1313 940 sacramen·

221 977 297 1040 tum
316 968 474 1065 eorporis
493 967 580 1064 ejus,
598 967 822 1061 manduoant,
843 969 908 1040 hos
935 969 1188 1042 manducantes
1208 970 1316 1042 simul¹

222 1073 335 1162 docet,
351 1081 391 1144 ut
408 1071 526 1166 ipsum
544 1067 724 1141 imitantes
743 1091 891 1168 eorpora
910 1095 973 1144 sua
985 1073 1147 1166 passioni
1165 1073 1314 1148 submit·

221 1182 309 1268 tant,
328 1181 364 1248 et
382 1173 486 1246 sionti
503 1173 658 1268 ipseper
677 1175 879 1268 passionem
898 1189 998 1246 suam
1016 1197 1078 1248 eos
1096 1176 1314 1271 laetificavit,
1361 1191 1363 1203 '

221 1278 271 1350 ita
285 1284 326 1349 ‘et
345 1277 414 1374 ipsi
433 1297 497 1349 sua
517 1274 682 1371 passione
711 1298 790 1348 eum
817 1277 1020 1350 laetificent.
1047 1281 1231 1352 Rursus
1260 1280 1313 1351 di·
1410 1353 1415 1358 .

221 1379 316 1474 eunt,
336 1379 473 1453 Mariae
489 1401 568 1450 eum
587 1384 735 1473 tangere
753 1401 824 1452 non
843 1379 998 1473 liouisse,
1012 1383 1096 1476 quia
1113 1405 1314 1454 sacramen·

221 1491 294 1556 tum
324 1482 492 1580 ’eorporis
528 1488 564 1552 ot
599 1481 784 1577 sanguinis
821 1483 898 1580 ejus
934 1505 1004 1555 non
1041 1491 1246 1580 acceperat,
1272 1491 1315 1558 ut

223 1587 425 1682 exemplum
462 1594 697 1681 proponeret,
725 1586 818 1680 quod
846 1609 917 1660 non
950 1585 1064 1658 solum
1100 1587 1245 1680 inimici,
1272 1595 1325 1660 ur

221 1690 346 1784 Judas,
366 1689 428 1761 sed
447 1698 483 1760 et
500 1687 555 1758 iili
574 1687 688 1782 amioi,
707 1689 857 1784 quinon
876 1695 960 1760 sunt
983 1689 1162 1784 obsignati
1177 1691 1202 1783 ¹,
1221 1691 1335 1764 siout¹
1375 1713 1379 1723 ·

222 1793 358 1886 Maria,
394 1792 438 1863 ad
474 1790 684 1884 mysterium
712 1793 789 1885 ejus
815 1814 886 1862 non
913 1792 1132 1865 secederent.
1164 1793 1314 1868 Porro
1402 1817 1405 1824 ’

223 1895 307 1990 quia
331 1897 409 1968 Eva
435 1893 662 1966 extendendo
687 1917 831 1966 manum
867 1917 995 1990 eorpus
1022 1895 1176 1968 hominis
1206 1895 1313 1969 morti

224 1998 423 2093 subjecerat
440 2006 476 2068 et
494 1997 658 2068 omnibus
676 1996 857 2069 doloribus
872 1997 1129 2092 oumulaverat,
1141 1999 1223 2071 ideo
1240 1999 1315 2071 Do·

220 2100 336 2172 minus
355 2099 492 2182 Mariae
523 2123 593 2171 non
622 2100 807 2188 eonoessit,
829 2105 869 2170 ut
894 2101 940 2172 ad
968 2123 1098 2198 eorpus
1125 2125 1227 2174 suum
1255 2126 1328 2174 aa·

221 2204 374 2297 eederet,
393 2203 456 2276 s'ed
481 2225 610 2298 eorpus
628 2203 724 2274 istud
743 2202 797 2274 ilii
822 2205 967 2276 brachio
991 2205 1199 2299 reservavit,
1217 2206 1311 2301 quod

222 2306 360 2378 idfeoit
377 2306 502 2379 sedere
520 2306 565 2376 ad
585 2306 747 2378 dextram
769 2327 881 2399 suam,
899 2315 935 2379 et
952 2307 1007 2379 ilii
1024 2307 1157 2398 manui,
1170 2333 1260 2405 quae
1275 2309 1313 2380 id

212 2417 302 2506 post
319 2407 572 2482 exaltationem
592 2410 687 2482 omni
704 2408 923 2487 beatitudine
943 2410 1138 2483 somniavit
1152 2409 1178 2483 ².
1235 2425 1239 2430 ’

327 2512 420 2584 Dein
437 2513 522 2608 quia
539 2513 658 2585 Maria
674 2513 860 2604 dubitavit,
879 2513 1021 2608 quando
1039 2513 1212 2609 audierat,
1231 2537 1312 2586 eum

219 2615 435 2708 surrexisse,
449 2621 485 2686 et
502 2616 601 2686 venit
619 2616 758 2686 stridit
777 2638 857 2687 eum
878 2625 913 2686 et
931 2617 1047 2688 dixit:
1071 2617 1118 2690 Si
1144 2625 1192 2689 tu
1219 2641 1315 2691 sus·

223 2719 389 2794 tulisti
417 2741 535 2810 eum,
563 2718 735 2790 ideo'hoo
763 2717 874 2810 dixit,
894 2726 933 2790 ut
960 2721 993 2790 ei
1023 2721 1247 2812 ostenderet,
1274 2743 1313 2790 se

221 2820 1314 2916 rereresurrexisse.AdPatremmeumegoaseen·

222 2925 285 3018 do,
313 2923 582 3021 quibus-verbis
600 2945 671 2995 non
689 2923 832 3014 asserit,
846 2925 952 3016 quod,
969 2947 1078 3019 quum
1096 2924 1141 2996 ad
1167 2924 1313 2996 Patrem

223 3028 392 3118 aseendit,
412 3027 456 3098 ad
476 3049 556 3098 eum
575 3050 646 3098 non
665 3025 845 3118 aooedant,
866 3027 928 3098 sed
947 3025 1032 3120 quia
1048 3026 1110 3098 illa
1130 3024 1314 3100 dubitave-

209 3138 293 3224 rat,
307 3131 400 3202 dixit
418 3130 460 3201 ad
491 3153 568 3201 sam
584 3129 733 3200 :Donec
760 3129 911 3202 ascendo
938 3129 984 3200 ad
1010 3129 1156 3201 Patrem
1182 3153 1314 3223 meum,

208 3259 292 3306 non
319 3233 464 3306 aenedas
493 3234 538 3305 ad
565 3255 633 3320 me,
660 3231 840 3303 utillud:
867 3233 980 3304 Tuam
1011 3232 1124 3329 ipsius
1159 3233 1313 3307 animam

208 3337 454 3434 (pertransibit
472 3335 612 3430 gladius
626 3335 654 3430 ³,
672 3335 696 3410 i,-
711 3357 740 3406 e.
761 3335 961 3428 denegatio.
980 3337 1152 3408 Attamen
1174 3336 1205 3408 si
1222 3337 1315 3430 ideo,

222 3441 367 3536 quiade
394 3439 654 3512 resurreetione
681 3440 758 3534 ejus
777 3438 963 3533 dubitarit,
991 3463 1069 3511 eam
1094 3441 1252 3531 aroe'bat,
1268 3463 1314 3510 ne

210 3543 341 3639 ipsum
369 3549 545 3636 tangeret,
574 3565 654 3614 eoae
680 3549 716 3613 et
743 3541 898 3615 Thomas
926 3541 1102 3617 dubitavit
1129 3549 1165 3612 et
1194 3543 1316 3636 tetigit

216 3654 304 3719 *eum
321 3647 329 3718 i
349 3645 419 3718 seu
447 3646 513 3717 hoo
531 3645 714 3720 dicemus:
735 3645 835 3719 Siout
859 3646 1097 3744 praedixerat.
1108 3665 1208 3717 suam
1225 3653 1316 3742 'pas-

306 3925 331 3979 1.
353 3914 570 3997 obsignatioh}
582 3924 601 3980 1.
611 3923 807 4001 conjungitur
822 3923 1083 4000 eumaeoeptione
1101 3919 1317 3994 eucharistias,

225 3999 308 4074 quod
320 4001 359 4058 od
369 4001 461 4058 ritum
472 4001 672 4061 Orientalium
688 4005 818 4079 spectat,
830 4002 881 4077 qui
895 4001 1113 4060 eucharistiam
1128 4001 1232 4059 statim
1245 4001 1318 4076 post

225 4077 410 4154 baptismum
425 4079 624 4138 distribuunt.
1293 4149 1295 4152 ,

304 4160 332 4214 2.
353 4159 402 4216 Ad
416 4160 565 4217 verbum:
580 4175 593 4206 e
607 4157 767 4218 coronavit
780 4188 806 4220 a.
817 4155 931 4216 Sensus
945 4161 1008 4217 est:
1021 4157 1162 4217 Christus
1176 4175 1237 4217 non
1248 4173 1316 4231 per·

224 4234 307 4294 misit
321 4235 406 4312 tangi
423 4253 535 4312 eorpus
550 4253 648 4311 suum,
664 4238 827 4312 antequam
853 4236 1007 4296 elevatum
1022 4241 1107 4295 esset
1121 4237 1160 4296 ad
1185 4235 1316 4308 eoelum,

225 4313 278 4372 nbi
293 4333 311 4372 a
324 4312 420 4375 Patro
435 4314 533 4390 gloria
547 4319 727 4375 coronatum
744 4319 801 4372 est.

304 4395 333 4451 3.
355 4394 428 4452 Luc.
443 4395 472 4466 2,
484 4394 532 4452 35.
548 4393 662 4475 Copton
677 4393 818 4472 superius
829 4409 897 4471 pag.
909 4394 946 4453 29
962 4391 1118 4454 adnotata.
