3252 5018
1239 313 1308 386 187

216 436 305 510 fiunt
332 447 368 512 et
393 435 515 512 lolium
543 434 662 532 prodit
689 444 725 508 et
752 436 939 532 germinat,
960 437 1056 512 scitis
1075 439 1171 535 quod
1196 465 1308 539 prope

217 546 272 611 est
290 549 407 614 aestas
425 581 439 616 η
459 540 482 612 ¹.
502 539 606 632 Vide,
622 539 718 634 quod
735 545 882 635 propter
899 541 1050 614 multum
1068 542 1255 616 humorem
1273 552 1310 616 00

216 643 371 737 primurn
401 643 525 716 florem
543 642 608 714 fico
626 642 665 712 in
680 641 748 718 hoc
779 641 882 736 signo
900 666 986 716 usus
1005 651 1071 738 est,
1090 649 1127 716 00
1144 645 1220 719 vim
1247 670 1309 742 po-

215 745 346 818 tentiae
373 746 449 842 ejus
474 744 668 842 perpende,
690 754 731 816 ut
757 767 913 839 superna
937 745 1053 820 uirtus
1079 749 1311 843 comprobata

214 855 395 944 appareat.
413 847 588 922 Dominus
607 847 652 920 ad
670 869 741 939 000,
761 847 822 941 qui
844 870 925 919 oum
952 849 1308 946 comprehenderunt,

217 971 379 1023 ossuum
404 975 476 1024 non
501 951 653 1047 aperuit,
682 948 786 1022 sicuti
814 957 1004 1046 aperuerat
1033 952 1079 1024 ad
1106 951 1308 1027 ficulneam.

214 1049 412 1149 Propterea
427 1055 519 1126 hanc
535 1053 617 1125 iecit
634 1074 807 1144 arescere,
825 1059 865 1124 ut
885 1053 1072 1126 Israelitac
1100 1055 1309 1128 refloresca-

214 1161 306 1248 rent,
326 1157 389 1229 sed
414 1157 615 1230 noluerunt.
642 1155 902 1251 Apprahcnsus
929 1162 994 1249 cst,
1012 1157 1097 1252 quia
1113 1157 1238 1250 voluit,
1266 1167 1307 1232 ut

216 1265 253 1330 et
270 1258 314 1331 de
333 1259 430 1331 coelo
448 1259 557 1349 venit,
577 1257 661 1355 quia
678 1257 712 1328 01
729 1253 874 1353 placuit.

319 1361 505 1457 Scriptura
521 1367 656 1453 narrat,
674 1360 864 1453 Adamum,
882 1367 1070 1456 postquam
1083 1363 1254 1458 peccavit,
1273 1370 1310 1436 00

218 1461 344 1559 gloria,
361 1489 432 1560 qua
447 1463 598 1536 vestitus
628 1468 717 1556 0000,
735 1461 934 1536 denudatus
953 1471 1018 1556 cst,
1040 1463 1134 1537 foliis
1161 1465 1220 1536 fici
1245 1490 1310 1538 nu·
1358 1551 1360 1555 ¹

218 1564 366 1639 ditatam
388 1590 488 1640 suam
515 1566 660 1640 texisse.
678 1565 789 1637 Venit
816 1588 901 1660 ergo
927 1565 1100 1638 Dominus
1123 1574 1159 1640 et
1178 1591 1243 1664 pro
1260 1569 1311 1644 A.-

219 1667 324 1741 damo
344 1669 539 1743 cruciatum
558 1667 713 1760 sustulit,
732 1674 772 1739 ut
789 1666 938 1740 vulnera
957 1675 992 1740 00
1010 1669 1135 1764 plagas
1159 1673 1235 1766 ejus
1254 1694 1309 1744 sa·
1441 1665 1443 1672 ’

218 1778 322 1844 naret
340 1779 376 1845 00
392 1779 531 1846 vestem
558 1769 694 1866 gloriae
720 1769 874 1842 nuditati
892 1771 968 1866 ejus
995 1771 1210 1845 restitueret.
1236 1773 1309 1846 Ita·

218 1897 288 1968 que
306 1874 411 1947 ficum
430 1873 586 1967 arefecit,
604 1881 645 1945 ut
658 1872 866 1966 declararet,
876 1896 947 1945 non
959 1873 1113 1970 amplius
1128 1899 1216 1971 opus
1230 1898 1310 1949 0000

217 1974 312 2048 101110
344 1977 528 2070 ficulneae,
562 1976 691 2072 quibus
721 1975 882 2048 Adamus
917 1977 1121 2071 vestiretur,
1151 1977 1234 2073 quia
1264 1978 1309 2052 ad

217 2078 407 2172 pristinam
425 2080 577 2175 gloriam
604 2077 772 2152 reductus
791 2083 857 2170 000,
888 2098 995 2174 quam
1017 2101 1126 2174 quum
1151 2079 1310 2176 haberet,

218 2202 285 2252 nec
312 2181 409 2256 foliis
428 2182 625 2278 indigebat,
643 2202 709 2252 nec
721 2180 881 2254 vestibus
896 2180 1066 2276 pelliceis.
1084 2181 1226 2255 Exhinc
1242 2184 1310 2277 igi-

218 2290 278 2356 tur
294 2284 400 2358 homo
417 2309 488 2357 non
502 2309 591 2382 opus
609 2283 718 2356 habet
735 2285 862 2356 arbore
877 2283 954 2377 1100,
967 2306 1058 2380 quae
1075 2286 1231 2357 00010000
1244 2293 1310 2379 000,

218 2386 316 2482 cujus
334 2387 430 2482 folia,
449 2388 562 2460 donec
577 2385 703 2460 viridis
722 2392 828 2480 esset,
846 2387 957 2460 vestis
981 2393 1083 2460 erant
1100 2387 1247 2484 pudoris
1274 2396 1310 2462 et

161 2527 167 2534 ·
217 2493 462 2584 tegumentum
483 2487 666 2588 opprobrii
683 2482 769 2584 eju's.
1282 2513 1288 2523 ·

323 2591 466 2665 Nemo
505 2590 728 2666 ascendit
766 2590 814 2662 in
854 2591 1045 2685 coelum,
1084 2591 1192 2686 nisi,
1231 2593 1309 2689 qui
1576 2685 1578 2688 Ι
1622 2683 1623 2688 ¹

220 2691 471 2766 descensu
496 2695 549 2766 re
576 2693 880 2786 conomius
905 2694 1310 2792 nominaturus,
1352 2666 1574 2751 affin&
1622 2759 1623 2772 ι

220 2794 333 2889 1-14).
352 2795 528 2885 Quoniam
555 2796 697 2890 signum
716 2798 760 2869 ab
779 2819 820 2868 eo
838 2800 1017 2892 petebant,
1040 2797 1090 2872 ait
1117 2797 1192 2869 eis:
1219 2799 1309 2872 Ita·
1622 2803 1623 2836 l

219 2920 305 2991 que
333 2897 372 2971 si
398 2905 596 2971 terrena
622 2897 729 2970 dixi
755 2897 890 2971 vobis
918 2905 962 2970 et
988 2922 1077 2972 non
1106 2899 1308 2973 eredidi-

219 2999 321 3093 stis,
347 3001 587 3097 quomodo,
627 2999 668 3072 si
694 2999 931 3072 coelestia
956 3001 1124 3072 dixero
1158 3003 1308 3096 vobis,

218 3103 463 3175 credetis?
501 3103 558 3176 Flt
584 3102 756 3176 nemo²
797 3102 1017 3178 ascendit
1042 3101 1090 3174 in
1115 3103 1308 3200 coelum,

217 3203 383 3279 nimirum
402 3214 442 3279 ut
459 3205 598 3280 veniret
617 3211 654 3278 00
670 3205 758 3277 mihi
776 3204 870 3300 apud
888 3229 952 3278 ros
970 3204 1072 3277 000010
1090 3213 1194 3278 00000.
1218 3207 1307 3281 Por-

219 3329 258 3398 ro
291 3308 375 3404 quia
406 3308 520 3401 scivit,
551 3307 723 3405 quosdam
755 3307 912 3380 dicturos
944 3331 1034 3400 0000,
1065 3331 1207 3382 carnem
1237 3333 1310 3385 non

218 3411 461 3502 0000000100οὄ,
492 3411 543 3484 ait
573 3413 650 3484 eis:
684 3409 833 3484 “Nisi
859 3411 938 3507 qui
965 3411 1216 3485 descondit
1254 3415 1307 3487 de

217 3507 351 3586 coelo
369 3553 397 3588 a.
428 3517 512 3589 Non
538 3515 632 3610 quod
664 3537 810 3610 corpore
830 3511 1024 3587 Christusi
1045 3514 1089 3610 de
1121 3514 1219 3587 coelo
1246 3515 1307 3589 dc-

218 3615 366 3708 scendit,
386 3618 449 3690 sed
467 3616 551 3714 quie
568 3617 750 3712 conceptio
776 3615 912 3690 Mariae
930 3613 1066 3690 non'ax
1085 3617 1219 3692 semine
1245 3619 1307 3691 ho-

216 3716 321 3792 minis
348 3718 523 3812 10000000,
543 3720 606 3792 sed
624 3719 773 3792 Gabriel
800 3719 985 3792 descendit
1011 3719 1055 3792 de
1074 3720 1184 3816 coelo,
1206 3719 1306 3796 illam

296 3983 322 4038 1.
343 3981 443 4041 Mara.
457 3984 505 4055 24,
521 3984 569 4040 32.

293 4063 321 4117 2.
342 4060 392 4120 Sic
405 4061 436 4118 in
450 4060 517 4120 cod.
530 4061 566 4118 B.
579 4059 616 4116 ln
631 4059 699 4121 cod.
714 4061 742 4120 Α
754 4082 761 4122 :
775 4062 814 4120 nt
828 4078 917 4122 nemo
933 4062 991 4134 est,
1006 4060 1057 4137 qui
1071 4060 1222 4121 aseendit.
1285 4064 1287 4070 '

293 4139 322 4196 3·
342 4139 466 4198 Scilicet
479 4138 509 4196 in
525 4137 652 4198 coelum.

293 4217 321 4273 4.
342 4218 392 4276 Ita
404 4218 436 4274 in
457 4216 525 4276 cod.
539 4216 574 4273 B.
595 4216 633 4273 In
648 4216 863 4286 coddtllon
885 4216 967 4292 quod
989 4227 1100 4294 'corpus
1120 4215 1234 4276 01001001
1255 4217 1307 4275 de-

213 4292 342 4366 scandit,
365 4295 453 4372 quasi
467 4296 531 4371 jam
547 4297 619 4352 ante
635 4297 866 4374 conceptionem
880 4295 995 4358 Mariae
1021 4295 1191 4370 extitisset,
1204 4312 1306 4373 neque
1413 4353 1416 4360 .

211 4391 252 4430 ex
274 4373 389 4442 semine
404 4373 533 4434 hominis
546 4369 614 4432 fuit.
