3256 5012
341 479 481 567 septum
508 471 664 542 introivi.
691 471 909 544 Intrabimus
949 469 1153 566 paradisum
1185 491 1250 565 per
1277 469 1434 542 lanceam

341 573 525 646 exlatere
561 573 728 666 tinctam,
753 574 838 668 quia
874 573 1095 669 perdidimus
1131 572 1335 668 paradisum
1371 596 1437 669 per

340 677 471 748 costam
501 698 545 747 ex
564 675 676 748 latere
704 699 887 771 egressam
904 676 930 748 ¹.
947 675 1039 762 Quia
1064 674 1171 770 ignis,
1199 675 1261 770 qui
1287 665 1449 748 ardebat

334 780 377 850 in
396 779 527 870 Adam,
545 801 591 850 ex
608 778 687 875 ipso
713 779 826 852 latere
846 779 922 873 ejus
949 778 987 849 in
1014 801 1057 849 ec
1081 789 1250 850 accensus
1269 786 1335 872 est,
1353 779 1435 850 ideo

333 879 436 954 ‘latus
462 881 564 954 Adae
591 882 749 953 'secundi
784 889 947 978 apertum
974 888 1049 973 est,
1076 888 1112 952 et
1147 905 1194 952 ex
1230 903 1274 952 eo
1303 881 1435 954 fluvius

339 1008 512 1080 aquarum
539 984 639 1077 exiit,
657 992 697 1056 ut
723 983 844 1080 ignem
864 984 964 1056 Adae
982 983 1090 1078 primi
1117 983 1331 1078 extingeret.

445 1087 539 1174 Quia
559 1109 606 1157 cx
625 1087 799 1180 sanguine
820 1095 875 1158 est
894 1086 1008 1158 omnis
1026 1087 1112 1178 vita,
1127 1085 1216 1157 exiit
1235 1092 1271 1156 et
1288 1087 1435 1182 sanguis

332 1201 405 1286 'per
431 1188 710 1262 misericordiam
737 1197 906 1285 tanquam
942 1189 1153 1284 mysterium
1188 1187 1435 1261 vivificationis

337 1291 530 1386 illius,·qui
548 1291 723 1388 ajustitia
739 1315 890 1388 poenam
908 1292 1034 1364 mortis
1053 1297 1243 1363 meruerat.
1265 1288 1336 1364 Per
1360 1313 1435 1362 me-

332 1395 512 1468 diatorem
542 1395 674 1466 malum
700 1395 797 1489 ignis
823 1397 861 1466 in
889 1394 1093 1468 hominibus
1119 1415 1290 1466 accensus
1312 1401 1379 1487 est,
1398 1401 1436 1466 et

339 1520 406 1594 per
432 1497 668 1570 *mediatorem
698 1498 860 1571 bonum²
883 1521 994 1594 aquae
1026 1498 1065 1568 in
1095 1520 1155 1568 eos
1186 1495 1433 1589 diffluxerunt,

340 1623 431 1695 quae
462 1600 563 1672 illum
595 1591 716 1694 igne'm
748 1602 992 1684 extinxerunt.
1018 1599 1119 1672 Nihil
1148 1599 1250 1695 pejus
1277 1598 1432 1696 illo,q11i

340 1703 530 1799 deceperat
555 1703 745 1795 Adamum,
762 1705 851 1776 nihil
880 1727 917 1774 se
946 1703 1159 1794 laedentem,
1187 1723 1252 1772 nec
1281 1702 1377 1774 ullus
1401 1704 1461 1776 si,

340 1806 598 1902 comparandus
626 1813 690 1898 est,
717 1805 787 1878 nisi
813 1807 844 1878 is
871 1805 932 1900 qui
959 1805 1151 1898 Dominum
1178 1811 1260 1900 post
1281 1813 1431 1878 mortem

335 1905 545 2004 'perforavit
572 1907 716 1980 Malitia
743 1932 828 2004 ergo
846 1931 910 2004 per
930 1909 1025 2003 quod
1047 1909 1193 1999 vicerat,
1213 1929 1277 2002 per
1303 1907 1370 1979 hoc
1396 1916 1433 1981 et

334 2011 435 2083 'ricta
452 2018 527 2094 est.
553 2009 680 2083 Exivit
706 2011 863 2106 sanguis,
891 2035 960 2106 quo
986 2035 1051 2084 nos
1070 2036 1091 2083 a
1109 2010 1280 2084 servitute
1307 2012 1434 2084 mortis

339 2113 503 2207 redemit,
531 2113 621 2186 exiit
648 2122 804 2209 stoque,
825 2121 866 2184 ut
893 2137 1016 2188 omnes
1042 2115 1087 2186 ad
1116 2111 1327 2206 sanguinem
1355 2116 1433 2210 ejus

340 2215 564 2290 salutiferum
591 2218 801 2290 accedentes
827 2217 1037 2289 servitutem
1065 2217 1235 2308 malitiae,
1255 2215 1312 2286 cui
1331 2223 1433 2290 erant

328 2319 500 2416 subjecti,
520 2320 668 2393 abluere
685 2327 843 2416 possent.
860 2319 961 2391 Exiit
988 2320 1136 2413 sanguis
1163 2325 1320 2414 stoque,
1339 2341 1430 2416 quae

337 2423 496 2518 ipsaest
520 2422 672 2495 ecclesia
699 2421 846 2514 Christi,
870 2445 1080 2518 supereum
1107 2420 1291 2494 aedrlioata
1309 2445 1436 2517 quem-

331 2525 529 2622 admodum
548 2549 593 2596 ex
618 2525 733 2597 ¹latere
753 2525 853 2597 Adae
880 2549 972 2597 uxor
996 2527 1073 2621 ejus
1099 2530 1241 2619 sumpta
1271 2531 1336 2596 est.
1363 2525 1433 2597 La-

337 2631 396 2699 tris
415 2627 518 2700 Adae
548 2634 602 2698 est
628 2651 720 2699 uxor
752 2627 839 2721 ejus,
859 2633 895 2698 et
926 2629 1072 2722 sanguis
1095 2626 1249 2699 'Domini
1280 2627 1433 2700 ecclesia

338 2729 425 2824 ejus.
454 2729 513 2802 Ex
548 2731 661 2802 latere
705 2729 808 2802 Adae
852 2752 947 2802 mors
983 2740 1019 2802 et
1058 2755 1103 2802 ex
1139 2730 1253 2802 latere
1289 2729 1436 2802 Domini

336 2833 421 2906 vita.
449 2831 555 2907 Oliva
581 2831 637 2906 est
655 2831 834 2925 Christus,
854 2856 899 2904 ex
927 2857 999 2928 quo
1024 2833 1173 2906 effluunt
1200 2832 1267 2923 lac,
1287 2855 1378 2928 aqua
1396 2839 1438 2905 et

337 2936 468 3009 oleum.
487 2939 561 3010 Lao
578 2935 751 3032 parvulis,
770 2960 861 3031 aqua
874 2936 1067 3033 juvenibus
1082 2942 1118 3007 et
1133 2935 1251 3007 oleum
1264 2937 1435 3030 aegrotis,

323 3039 512 3112 ¹Similiter
544 3045 671 3134 aquam
704 3046 739 3110 et
771 3041 980 3134 sanguinem
1022 3039 1110 3111 haec
1140 3037 1236 3110 oliva
1267 3038 1366 3111 dedit
1395 3041 1434 3112 in

328 3149 453 3216 ‘morte
481 3167 546 3216 sua
559 3141 587 3213 ⁵.

443 3245 585 3318 Invidia
601 3251 821 3341 persequuta
838 3251 892 3316 est
909 3241 1088 3337 Deridet
1106 3243 1225 3317 odium
1244 3250 1281 3315 et
1298 3244 1434 3318 invidia

326 3340 451 3418 'fillum
470 3347 598 3422 David.
617 3347 856 3421 Obsidebatur
881 3347 999 3419 David
1015 3347 1052 3417 in
1070 3346 1301 3419 interioribus
1326 3348 1435 3442 arrtri7

340 3443 382 3520 et'
394 3450 489 3522 [ilius
506 3449 625 3524 David
651 3449 689 3520 in
715 3449 943 3523 interioribus
963 3449 1131 3543 sepulcri.
1148 3448 1265 3521 David
1287 3449 1434 3524 videba-

262 3626 267 3638 ἐ
325 3553 425 3626 ‘ture
445 3554 710 3644 condemnatus,
729 3558 766 3624 et
782 3552 878 3624 lilius
906 3551 1020 3624 David
1041 3551 1167 3644 victus,
1185 3552 1435 3626 sed-condem·

339 3664 445 3730 natus
473 3663 509 3728 et
534 3662 684 3752 argutus
711 3662 766 3728 est
793 3655 891 3749 Saul,
919 3661 954 3727 et
983 3653 1078 3727 vieta
1105 3660 1141 3726 et
1170 3654 1352 3729 destructa
1377 3664 1436 3730 est

422 3937 449 3988 l.
470 3931 593 3990 Scilicet
606 3949 662 4010 per
675 3931 783 3990 Eram.

418 4012 446 4066 2.
468 4010 617 4068 Nimirum
632 4009 800 4068 Christum.

419 4091 447 4144 3.
469 4088 505 4146 In
520 4089 626 4147 cod.B
649 4087 698 4147 lric
722 4089 810 4148 locus
835 4086 878 4146 sie
903 4087 1053 4147 habetur:
1070 4111 1085 4144 u
1103 4087 1252 4148 Similiter
1273 4105 1383 4164 equam
1399 4091 1434 4144 et

341 4167 520 4239 sanguinem
535 4167 567 4221 et
582 4164 683 4223 oleum
697 4166 728 4224 in
741 4168 840 4226 morte
864 4181 921 4224 sua
944 4166 1037 4236 dedit,
1053 4183 1123 4224 nam
1138 4167 1239 4225 oleum
1266 4184 1386 4242 quoque
1401 4166 1434 4223 iu

342 4258 398 4298 sua
412 4245 511 4302 morte
526 4243 610 4302 dedit
621 4263 648 4301 o.
663 4244 700 4301 In
714 4245 852 4320 margine
866 4242 979 4302 ibidem
993 4243 1032 4302 ad
1047 4238 1198 4306 extrema
1206 4244 1360 4306 vocabula
1380 4243 1437 4302 sd-
1513 4273 1518 4280 ·
1619 4281 1620 4288 κ

338 4322 477 4378 notatum
493 4323 558 4380 est:
574 4345 589 4378 «
601 4321 856 4382 Distributiouem
871 4322 1005 4398 Spiritus
1015 4344 1043 4378 a.
1063 4361 1066 4367 -

420 4402 450 4459 4.
470 4400 518 4460 Sic
533 4401 564 4458 in
578 4400 649 4462 cod.
660 4401 697 4460 B.
887 4409 888 4414 ’
