3218 5026
1225 423 1263 470 XI

184 529 389 602 memoriam
408 530 556 626 adjecit:
582 553 596 587 1
611 531 735 604 Gloria
753 537 789 602 11
806 532 998 627 gratiarum
1022 531 1113 604 actio
1139 529 1183 602 Ei
1201 529 1262 624 qui

185 654 240 719 est
256 648 394 720 initium
413 655 449 720 et
475 648 565 744 linis,
584 653 628 723 ab
654 649 779 724 humili
801 651 963 743 Nersete,
981 649 1041 746 qui
1067 646 1262 720 elaboravit

184 765 385 860 hocopus,
413 789 503 838 anno
531 768 600 838 644
615 803 642 842 n.
671 767 767 842 Casu
792 769 934 842 fortuito
960 769 1088 842 factum
1121 771 1194 859 est,
1221 771 1265 836 ut
1304 849 1306 866 Χ

182 885 288 955 ambo
306 883 454 978 codices,
472 885 599 980 quibus
617 886 788 982 hocopus
807 909 833 958 s.
847 885 1038 982 Ephraemi
1059 883 1160 956 nobis
1179 903 1261 953 con-

126 1001 131 1012 ’
182 1008 360 1074 servatum
380 1011 444 1100 est,
467 1005 588 1078 eodem
610 1025 701 1078 anno
731 1005 800 1076 644
817 1008 1064 1098 Armenorum,
1082 1004 1104 1075 i.
1117 1025 1146 1076 e.
1168 1003 1263 1074 1195

180 1128 263 1216 post
282 1120 465 1196 Christum
485 1124 653 1198 adfinem
671 1124 960 1221 perducerentur.

284 1237 496 1314 Armeniaca
512 1242 629 1316 versio
655 1243 759 1340 hujus
778 1239 1033 1314 Commentarii
1054 1261 1080 1314 s.
1103 1238 1261 1336 111111111-

175 1353 241 1450 mi,
263 1379 351 1452 quae
369 1358 479 1434 inhio
499 1360 633 1435 duobus
659 1359 836 1433 codicibus
863 1359 1074 1452 continetur,
1092 1365 1167 1430 tota
1192 1356 1263 1452 spi·

176 1483 239 1548 rat
269 1477 512 1572 antiquitatem
548 1477 731 1553 literarum
762 1479 1063 1571 Armeniacum,
1082 1483 1118 1550 et
1130 1474 1264 1573 judicio

183 1591 365 1664 doctorum
395 1594 542 1668 Petrum
573 1595 907 1690 Mechitaristerum,
938 1619 1086 1693 quorum
1122 1600 1263 1667 senten·-

183 1710 271 1782 tiam
288 1711 475 1808 exquisivi,
493 1715 538 1787 ad
555 1723 707 1788 aetatem
725 1718 964 1813 Interpretum
983 1715 1005 1787 i.
1020 1739 1049 1787 1.
1073 1715 1117 1788 ad
1141 1733 1263 1788 saecu-

179 1829 255 1901 lum
269 1831 430 1926 quintum
448 1834 633 1907 referende
649 1843 712 1909 est.
732 1837 915 1932 Interpres
931 1837 1109 1909 Armenus
1123 1839 1260 1908 textum

180 1931 366 2042 Syriacum
393 1974 522 2046 magna
548 1977 633 2026 cura
659 1955 805 2026 verbum
833 1978 878 2027 ex
905 1955 1014 2028 verbo
1041 1953 1261 2050 expressisse

180 2065 334 2161 videtur,
356 2070 449 2142 unde
477 2071 609 2146 multae
630 2072 907 2146 constructiones
933 2071 1109 2168 Syriacae,
1137 2069 1199 2142 sed
1225 2075 1263 2142 et

179 2208 311 2280 magna
328 2189 522 2261 obscuritas
539 2185 701 2286 plurimis
725 2189 763 2260 in
780 2189 867 2262 loeis
885 2195 1131 2288 provenerunt.

287 2303 497 2378 Versionem
515 2287 677 2380 Latinam
695 2307 799 2404 hujus
818 2307 1020 2382 Armeniaci
1039 2306 1155 2404 operis
1172 2304 1261 2376 Rev.

183 2417 293 2495 Pater
322 2421 475 2497 loannes
509 2425 611 2522 Bapt.
639 2427 782 2500 Aucber
809 2426 852 2498 de
879 2426 993 2501 literis
1024 2427 1261 2498 Armenorum

177 2539 434 2616 benemeritus
452 2540 637 2639 (11854)
655 2547 854 2620 1111101841
874 2544 1032 2639 confecit,
1045 2545 1082 2617 in
1104 2567 1173 2640 qua
1189 2566 1261 2615 non
1313 2565 1326 2596 ⁴

176 2662 254 2728 tam
285 2683 445 2757 sensum,
472 2687 577 2759 quam
607 2667 716 2739 rerba
751 2672 871 2738 textus
900 2662 1103 2740 Armeniaci
1141 2662 1259 2736 1111111

176 2775 319 2852 Latinis
343 2781 507 2853 reddidit.
536 2782 636 2854 Haec
662 2775 779 2878 111110
807 2807 886 2856 cum
913 2783 1068 2881 pretioso
1095 2781 1212 2854 codice
1232 2802 1259 2852 1.

176 2895 381 2970 1111111111
409 2898 452 2970 R.
471 2899 515 2972 R.
538 2898 705 2974 Patribus
732 2901 984 2974 Mechitaristis
1009 2901 1258 2986 monasteriis.

175 3011 306 3086 Lazari
326 3015 522 3092 liberaliter
548 3019 628 3093 usui
654 3044 732 3093 meo
759 3020 887 3093 tradita
907 3027 972 3114 est,
990 3023 1087 3118 cujus
1114 3020 1260 3092 admini-

176 3131 256 3203 culo
274 3135 401 3227 versio,
421 3161 509 3232 quae
528 3139 565 3210 in
590 3139 656 3210 hoc
680 3139 771 3212 libro
798 3139 951 3236 legende
975 3137 1130 3230 offertur,
1154 3135 1258 3208 confi-

178 3252 350 3328 ciebatur.
371 3256 477 3328 Haud
495 3279 551 3329 me
570 3256 672 3352 fugit,
689 3258 853 3331 Latinam
870 3257 960 3328 hauc
981 3255 1178 3328 versionem
1196 3277 1260 3350 pn-

178 3394 220 3442 ro
241 3395 401 3446 sermone
426 3397 530 3470 saepe
558 3398 677 3447 011111
704 3382 740 3446 11
764 3374 894 3448 multas
921 3373 1197 3447 constructiones
1215 3374 1259 3446 ab

179 3490 297 3564 indole
323 3492 427 3591 hujus
455 3492 597 3589 linguae
616 3493 808 3589 discedere,
832 3494 895 3567 sed
926 3501 1046 3568 textus
1076 3493 1259 3588 originalis

181 3612 292 3683 uerba
309 3619 344 3682 et
373 3612 628 3685 sententiarum
653 3636 759 3724 nepum
783 3613 981 3710 exprimere
1007 3611 1127 3706 malui,
1145 3634 1261 3706 quarn,

178 3726 237 3798 his
252 3729 436 3825 neglectis,
450 3731 598 3804 Latinae
613 3731 780 3804 orationis
794 3733 944 3804 nitorem
960 3733 1095 3806 sectari.
1109 3733 1190 3807 Non
1203 3755 1259 3803 me

178 3843 279 3939 latet,
297 3848 427 3922 multos
447 3849 541 3921 locos
561 3850 598 3921 in
615 3850 680 3922 hoc
698 3873 804 3946 opere
822 3851 926 3923 valde
944 3854 1109 3926 obscuros
1127 3873 1205 3922 esse
1225 3855 1260 3921 et

126 3993 132 4006 ·
179 3984 323 4036 sensum
342 3966 547 4062 ambiguum
567 3969 748 4062 praebere,
768 3967 830 4039 sed
847 3974 883 4041 et
900 3968 964 4043 hos
990 3967 1093 4040 aliter
1111 3965 1259 4039 reddere

179 4103 370 4179 eorumque
389 4087 654 4182 ambiguitatem
673 4111 692 4158 e
719 4084 834 4162 medio
853 4088 978 4162 tollere
1000 4086 1108 4180 nolui,
1126 4093 1166 4158 ut
1190 4087 1259 4160 sal-

177 4205 251 4272 tem
269 4204 459 4300 vestigium
485 4229 609 4280 sensus
628 4230 655 4278 1.
678 4205 870 4302 Ephraemi
896 4206 1165 4302 relinqueretur,
1191 4231 1259 4306 quo

179 4315 358 4417 interpres
398 4325 557 4422 sagacior
588 4300 632 4398 ad
663 4324 731 4396 loci
762 4325 1035 4421 intelligentiam
1073 4323 1259 4423 pervenire

177 4445 310 4530 posset.
341 4441 475 4518 Multae
506 4445 611 4542 hujus
641 4443 759 4542 operis
790 4444 1014 4556 difficultates
1047 4443 1123 4519 sine
1153 4440 1258 4514 dubio
