3218 5024
326 319 372 392 84

320 455 381 550 Jus
397 452 546 525 feminae
564 475 656 524 unus
675 449 831 524 medicus
850 450 1015 524 obviavit.
991 449 1134 540 tQuia
1150 449 1278 548 plagae
1295 451 1355 548 huj
1358 473 1402 525 us

324 557 473 632 feminae
488 555 590 630 mult
566 565 593 630 1
607 562 866 628 occurreran
868 563 976 627 team
988 554 1114 629 malet
1099 563 1190 628 tract
1191 563 1292 628 arant
1277 478 1403 650 ι,ιιιιο

326 661 359 734 ιι
377 684 467 734 unus
486 661 649 754 occurrit,
674 669 762 732 uta
788 636 925 730 molest
900 665 950 731 ιιι
976 659 1066 731 mult
1052 667 1168 732 torum
1194 659 1292 756 quiet
1294 684 1349 732 em
1367 659 1402 732 ιι

324 771 469 862 pararet
454 764 496 834 tl
500 765 601 838 .Ars
619 763 768 837 sanandi
780 763 882 834 foedo
896 765 1018 836 morbo
1037 763 1223 837 occurrite
1175 763 1402 836 ttdolores

322 867 502 941 doloribus
520 865 665 940 addidit.
681 868 758 956 Quo
773 866 895 962 plures
909 867 1100 942 veniebant
1103 923 1111 958 ,
1129 867 1191 962 ait,
1208 873 1307 940 tantu
1325 891 1400 939 ma-

323 973 379 1069 gis
398 975 541 1045 morbus
566 971 806 1046 invalescebat
820 969 845 1042 2.
873 970 1032 1063 Fimbria
1050 979 1169 1044 autem
1195 971 1401 1044 vestimenti

273 1087 276 1094 “
320 1075 473 1150 occurrit
488 1075 682 1168 doloribus,
701 1081 737 1148 et
755 1075 895 1146 dolores
909 1075 1078 1148 radicitus
1098 1073 1237 1150 evulsit.
1257 1075 1315 1146 nt
1332 1095 1401 1148 co·

322 1181 492 1277 gnovit
517 1179 760 1276 inseipsa,
778 1177 898 1274 quod
926 1186 1093 1252 sanata
1119 1186 1399 1254 essetacru-

323 1283 535 1358 ciatibus
562 1285 660 1357 suis
679 1282 809 1380 (Mauo.
830 1286 864 1376 b,
881 1283 952 1376 29).

424 1387 542 1475 Quum
559 1387 670 1482 igitur
689 1411 759 1480 ars,
782 1409 871 1482 quae
890 1409 1029 1458 omnem
1044 1386 1256 1483 ¹sapientiam
1273 1385 1399 1458 indue-

321 1500 387 1586 ιιι,
415 1492 573 1564 siluisset
590 1499 626 1563 et
644 1498 830 1582 cessasset,
858 1500 944 1561 tunc
969 1491 1137 1564 divinitas
1162 1490 1324 1566 vestibus
1345 1491 1399 1562 in-

323 1599 410 1669 duta
426 1595 709 1693 praedicabatur.
724 1594 849 1668 Induit·
863 1617 1004 1666 carnem
1021 1603 1059 1667 et
1077 1594 1260 1667 descendit
1277 1593 1323 1666 ad
1336 1595 1400 1668 ho-

215 1741 219 1751 ·
319 1701 444 1794 mines,
470 1705 520 1792 ut,
547 1723 637 1795 quae
663 1700 819 1772 humana
845 1703 938 1792 sunt,
963 1698 1166 1772 hominibus
1180 1699 1345 1794 ¹eriperet
1363 1706 1407 1770 ιι

319 1810 559 1900 extorqueret,
585 1803 740 1876 divinam
759 1809 878 1874 autem
906 1823 1006 1873 suam
1034 1809 1199 1876 naturam
1215 1827 1281 1898 per
1295 1803 1400 1898 signa
1431 1803 1432 1810 ’

319 1907 506 1982 fidelibus⁵
522 1907 615 1980 clare
629 1903 843 1979 ostenderet.
858 1905 1003 1983 Noliad
1018 1906 1129 1978 solam
1141 1906 1398 1980 humanitatem
1429 1930 1431 1934 ’

321 2013 464 2085 Domini
499 2011 688 2108 respicere.
715 2008 879 2084 Ostendit
907 2009 1175 2104 humanitatem,
1202 2011 1243 2082 ut¹
1278 2010 1399 2106 superi

319 2117 515 2209 crederent,
542 2139 623 2188 eum
649 2137 727 2186 esse
753 2112 966 2206 inferiorem,
995 2121 1031 2184 ιι
1049 2113 1206 2187 ostendit
1232 2113 1401 2186 divinita-

318 2227 438 2313 tatem,
465 2226 506 2292 ut
532 2221 718 2292 crederent
743 2217 940 2310 inferiores,
968 2239 1049 2288 eum
1066 2241 1145 2291 esse
1164 2218 1395 2314 superiorem.

320 2323 475 2397 Carnem
502 2325 546 2396 ab
573 2321 776 2396 hominibus
811 2319 1072 2437 assumpsitu
1049 2321 1323 2394 uthumanitas
1352 2321 1398 2392 ad

320 2441 420 2498 suam
455 2427 617 2500 divinitat
566 2434 675 2498 etam
710 2423 897 2520 pervenire
936 2431 1123 2518 possete
1105 2423 1339 2498 etdivinitat
1325 2431 1398 2497 tem

320 2537 375 2602 ost
360 2531 484 2624 tendit,
459 2538 547 2602 tne
567 2531 642 2626 eJ'us
659 2527 822 2603 humanit
824 2549 862 2598 as
881 2535 1175 2602 contemneretur

423 2634 551 2706 Manus
569 2633 728 2706 mulieris
745 2637 867 2728 peccat
869 2630 951 2703 ricis
977 2631 1135 2727 pedes
1105 2655 1181 2730 eJus
1208 2633 1397 2729 amplexae

320 2745 413 2828 sunt,
431 2744 471 2809 ut
488 2737 622 2832 gratiae
637 2737 730 2808 dona
742 2759 763 2807 a
776 2733 960 2806 divinitate
979 2735 1055 2830 ejus
1072 2736 1259 2833 acciperet.
1276 2735 1399 2834 Domi·

322 2865 389 2912 nus
402 2841 512 2936 igitur
526 2840 680 2912 ostendit
692 2863 792 2912 suam
803 2837 1069 2930 humanitatem,
1083 2845 1123 2911 ut
1135 2839 1263 2920 mulier
1274 2863 1399 2936 pecca-

255 2966 257 2969 ’
319 2944 393 3016 trix
402 2945 447 3016 ad
457 2967 537 3016 eum
550 2943 717 3016 accedere
727 2948 859 3040 posset,
869 2941 1023 3038 itemque
1033 2943 1189 3016 ostendit
1198 2967 1297 3016 suam
1309 2942 1399 3016 divi-

320 3047 480 3140 nitatem,
498 3071 568 3143 qua
585 3046 817 3118 Pharisaenm
838 3053 1015 3140 argueret.
1035 3045 1105 3134 Qui
1121 3047 1328 3142 peccatricis
1346 3046 1398 3118 la-

319 3153 450 3246 crymis
467 3152 639 3242 irriserat,
666 3151 743 3246 ejus
770 3149 957 3222 denudatis
976 3149 1247 3244 cogitationibus
1268 3151 1398 3229 mulier

318 3251 498 3350 peccatrix
516 3255 639 3328 irrisit.
659 3250 751 3340 Quia
767 3251 830 3324 illa
847 3275 893 3322 ex
906 3276 1025 3324 amore
1044 3253 1231 3350 lacrymas,
1252 3280 1341 3352 quae
1360 3256 1398 3328 in

318 3359 429 3432 oculis
447 3359 606 3432 latebant
609 3357 753 3474 ,palam
767 3355 950 3450 effuderat,
968 3355 1142 3430 Dominus
1160 3368 1299 3455 quoque
1316 3383 1398 3457 pro·

317 3469 397 3558 pter
413 3465 539 3536 fortem
563 3463 639 3558 ejus
658 3461 814 3532 animum
832 3459 944 3530 latent
930 3465 983 3532 tes
1001 3459 1187 3534 Pharisaei
1213 3464 1330 3560 cogita
1331 3463 1398 3536 tic·

216 3577 219 3586 ‘
316 3588 380 3639 nes
399 3566 558 3664 protulit
533 3565 718 3638 Mtulier
744 3561 838 3635 enim
865 3569 986 3736 peccat
987 3562 1044 3636 rix
1071 3564 1193 3640 Christ
1177 3573 1254 3638 turn
1279 3567 1396 3640 Deum

314 3669 488 3764 habbitu
490 3653 788 3766 tfidJeseuscont
790 3673 867 3738 esta
846 3673 985 3738 ιιιιιι
958 3667 1277 3760 tS,imonemvero
1293 3669 1398 3745 Chri-

317 3781 410 3847 stum
427 3775 606 3850 hominem
624 3779 770 3870 putasse
774 3769 917 3865 ,cogita
918 3770 967 3843 tio
987 3772 1062 3868 ejus
1081 3780 1136 3846 ost
1121 3775 1246 3850 tendit.
1273 3775 1396 3849 Domi-

314 3900 381 3951 nus
399 3879 537 3974 igitur
528 3885 581 3952 rut
583 3902 621 3950 er
639 3903 663 3950 u
664 3883 827 3971 trumque
849 3897 886 3946 se
906 3874 1035 3948 sistens
1053 3853 1257 3972 parabolam
1273 3888 1395 3976 protu-

314 3979 367 4076 lit,
386 3985 486 4080 cujus
504 3982 622 4058 verbis
641 3979 874 4080 peccatricem
892 3979 1116 4073 confortaret,
1140 4005 1313 4080 quamque
1332 4007 1395 4056 ex-

394 4261 420 4316 1.
441 4258 528 4317 Hanc
544 4261 576 4317 ιι
596 4265 775 4336 sequentem
796 4255 978 4313 sententiam
995 4276 1035 4315 ex
1050 4259 1153 4318 codice
1172 4261 1198 4318 Β
1223 4257 1393 4318 emendavi.

392 4339 421 4395 2.
442 4337 565 4411 Nescio,
580 4339 660 4398 unde
674 4341 750 4397 haec
762 4333 860 4397 verba
874 4337 994 4410 sumpta
1008 4335 1078 4393 sint.

392 4419 420 4476 3.
440 4417 489 4478 Ad
503 4420 629 4480 verbum
647 4417 779 4493 andeis,
793 4416 827 4474 ut
841 4413 931 4490 paulo
946 4415 1095 4492 superius.
