3260 5020
336 315 404 385 272

336 444 452 516 monis
471 439 628 536 docuitl,
648 441 788 516 secum
820 443 927 515 Patre
960 465 1023 514 sno
1054 450 1265 540 potestatem
1296 443 1429 518 habere

340 543 449 644 snper
475 555 636 642 mortem,
654 571 761 643 quum
781 547 888 618 dicit:
911 545 979 617 “Si
998 547 1079 618 volo
1100 573 1138 640 „3
1160 547 1274 620 noluit
1295 553 1429 642 autem,

337 657 378 722 ut
394 650 522 723 ambo²
540 652 600 724 isti
618 651 750 723 virtute
767 650 893 721 mortis
912 651 989 744 ejus
1007 657 1270 723 coronarentur.

441 751 615 827 Dominus
633 741 780 826 oleum5
799 753 998 848 symbolum
1017 753 1171 826 nominis
1189 753 1245 830 sui
1263 752 1429 849 ‚discipu-

338 854 384 927 lis
401 855 476 927 suis
494 857 603 952 dedit,
623 857 728 930 simul
745 856 918 949 indicans,
937 879 974 928 se
1000 861 1115 928 totum
1142 880 1221 956 esse
1248 879 1328 954 cum
1355 856 1429 928 sin-

338 957 434 1050 gulis
462 983 594 1033 eornm.
622 959 738 1048 Quum
768 959 844 1054 ipse
871 959 917 1030 sit
943 957 1032 1052 dies,
1058 959 1165 1031 etiam
1190 959 1308 1032 lucem
1330 959 1430 1032 dedit

338 1060 507 1155 lucernis,
525 1070 560 1134 et
581 1069 747 1136 tenebras
774 1084 966 1157 eorumque
988 1085 1098 1157 opera
1124 1061 1273 1158 expulit.
1300 1061 1429 1136 Tristi·

337 1163 410 1236 tiae
440 1166 608 1238 nimirum
640 1174 676 1237 et
696 1164 957 1237 consolationis
988 1164 1133 1236 nomina
1162 1189 1227 1260 per
1256 1165 1431 1238 mnndum
1461 1255 1465 1260 Ι
1568 1142 1573 1169 ¹

339 1275 488 1340 currunt
506 1269 604 1340 etad
629 1291 752 1340 omnes
778 1268 939 1340 homines
964 1291 1050 1364 pars
1077 1291 1200 1340 earnm
1223 1267 1387 1363 pervenit
1401 1267 1428 1340 ¹⁴.

338 1371 435 1443 Ante
453 1371 643 1444 adventurn
661 1370 805 1444 Domini
827 1395 899 1442 non
920 1376 1022 1442 erant
1036 1371 1205 1466 aequales
1222 1370 1260 1442 in
1288 1370 1362 1444 suis
1380 1373 1430 1444 ef-

340 1473 503 1567 fectibus,
521 1474 669 1546 sicutin
686 1474 759 1546 suis
777 1472 978 1546 nominibus
993 1471 1020 1547 ⁵.
1039 1474 1205 1546 Tristitia
1230 1471 1374 1568 quidem
1391 1475 1431 1546 in

341 1575 525 1648 effectibus
554 1577 690 1672 aderat,
708 1583 749 1648 ut
775 1584 811 1648 et
828 1599 921 1648 nnnc
951 1576 1064 1671 adest,
1087 1577 1140 1648 ad
1168 1573 1430 1673 separationem

342 1701 572 1774 eorumquae
591 1679 697 1752 finem
708 1681 894 1752 habebant
911 1686 947 1758 et
969 1683 1156 1754 cessabant
1174 1679 1209 1774 ⁶3
1237 1679 1431 1752 consolatio

341 1788 459 1854 autem
477 1789 615 1854 tantum
634 1783 776 1854 nomine
793 1781 1048 1878 aderat,'qnasi
1073 1807 1138 1880 per
1167 1781 1391 1879 prophetiam
1403 1783 1430 1854 ⁷.

341 1883 515 1958 Dominus
542 1893 659 1958 autern
686 1887 752 1957 hoc
779 1909 908 1956 nomen
934 1909 1006 1956 una
1031 1909 1110 1957 cum
1142 1885 1326 1962 effectibus
1353 1885 1430 1981 ejus

338 1987 546 2083 assumpsit,
559 1989 718 2084 quiaper
732 2011 854 2060 omnes
869 2011 950 2060 suas
968 1995 1149 2060 creaturas
1162 1987 1323 2060 membra
1341 1987 1430 2060 sna⁸

342 2089 459 2162 divisa
473 2100 508 2162 et
525 2091 699 2186 imagines
714 2115 796 2164 suas
810 2089 1007 2163 delineatae
1019 2091 1190 2185 habebat3
1207 2115 1290 2163 nam
1308 2113 1431 2164 ornnes

338 2199 523 2267 creaturae
540 2217 631 2266 eum
646 2201 904 2290 conceperant,
930 2198 971 2265 ut
997 2217 1078 2266 enm
1104 2201 1282 2290 parerent,
1300 2194 1338 2266 id
1364 2201 1431 2285 est,

341 2304 381 2369 nt
399 2319 478 2394 enm
499 2297 711 2370 revelarent.
942 2380 945 2384 ,

434 2399 734 2483 ιΟοηεοΙαῑίοηθιη
754 2423 851 2494 ergo,
870 2421 961 2493 quae
978 2399 1080 2495 prius
1101 2399 1176 2494 jam
1194 2399 1368 2496 disposita
1394 2423 1431 2470 e-

342 2507 409 2592 rat,
428 2501 466 2572 in
484 2502 669 2578 effectibus
686 2503 790 2578 nobis
808 2502 906 2574 dedit
923 2526 988 2596 per
1005 2504 1301 2575 resurrectionem
1321 2527 1432 2596 suam,

292 2685 293 2688 Ἴ
341 2607 379 2672 et
396 2629 505 2698 quum
522 2604 717 2702 discipulos
744 2629 826 2678 suos
853 2605 890 2675 in
909 2605 1174 2700 capharnaum,
1192 2609 1281 2679 urbe
1309 2629 1431 2680 conso-

342 2705 488 2780 lationis
500 2705 528 2800 ⁹‚
545 2717 810 2805 congregasset.
829 2709 878 2780 Et
895 2707 1154 2805 tristitia,qnae
1169 2709 1253 2781 olim
1271 2709 1309 2780 in
1326 2709 1432 2781 effec-

422 2973 448 3025 1.
469 2968 505 3026 In
521 2967 589 3025 cod.
603 2970 628 3026 B
642 2987 697 3044 pro
715 2971 871 3034 sdocuit„
890 2975 938 3030 est
954 2988 968 3019 α
982 2971 1059 3031 dixit
1071 3001 1096 3031 n.
1112 2971 1226 3030 Sensus
1241 2972 1304 3030 est:
1327 2970 1431 3031 Domi·

340 3064 397 3102 nns
411 3047 684 3122 non-reprehendit
697 3050 859 3124 Simonem,
874 3051 928 3108 sed
942 3051 1185 3124 interrogatione
1200 3051 1268 3126 ejus
1283 3067 1357 3116 usus
1379 3049 1431 3108 do·

334 3125 404 3184 -cnit
417 3143 502 3182 snarn
517 3125 712 3200 potestatem.

420 3205 448 3259 2.
472 3205 597 3262 “Ambo
612 3235 625 3264 a
643 3221 683 3262 ex
698 3205 766 3264 cod.
780 3208 804 3263 B
818 3207 969 3266 insertum
982 3211 1039 3266 est.

421 3285 448 3337 3.
469 3282 505 3338 In
521 3283 587 3340 cod.
599 3283 623 3338 B
634 3301 689 3356 pro
709 3285 855 3346 roleum„
873 3290 921 3342 est
935 3287 1133 3345 tunsionem
1143 3317 1170 3360 a,
1182 3286 1237 3344 sed
1250 3286 1280 3342 in
1293 3283 1430 3360 margine

341 3357 435 3416 lectio
451 3359 563 3417 codicis
577 3361 606 3417 A
620 3361 754 3420 iudicata
769 3368 825 3420 est.

422 3440 451 3494 4.
471 3437 521 3494 Ad
535 3439 679 3498 verbum:
707 3441 831 3517 «Super
854 3457 959 3498 ornnes
982 3441 1121 3501 homines
1144 3440 1271 3500 veniunt
1295 3439 1433 3498 membra

291 3540 295 3556 ¹
341 3533 446 3572 earum
460 3547 485 3578 p.

420 3595 447 3651 5.
469 3595 494 3652 Ι.
506 3611 533 3650 e.
548 3595 615 3654 Non
631 3613 729 3670 aequo
743 3597 872 3654 aderant
893 3596 923 3652 in
944 3596 1007 3654 suis
1030 3595 1191 3655 effectibus
1212 3601 1306 3672 atque
1319 3595 1351 3654 in
1366 3596 1430 3657 suis

340 3671 524 3730 nominibus.
540 3674 679 3731 Tristitia
693 3675 812 3732 nomine
824 3680 856 3732 et
870 3675 1030 3736 effectibus
1056 3675 1173 3746 aderat,
1189 3675 1358 3734 consolatio
1378 3693 1432 3732 no-

340 3750 420 3808 mine
435 3755 563 3808 tantum.
834 3799 837 3805 .

421 3832 448 3886 6.
470 3830 535 3886 Le.
549 3831 609 3887 Per
622 3830 777 3904 tristitiam
792 3827 826 3888 et‘
837 3829 1019 3890 afflictiones
1031 3831 1104 3890 meli
1117 3829 1249 3906 abonis,
1264 3827 1402 3907 peritura
1413 3848 1432 3888 a

340 3908 590 3980 permanentibus
606 3909 839 3983 separabantur,
851 3910 897 3968 uti
910 3911 943 3966 et
953 3927 1034 3968 nunc
1050 3911 1243 3986 separantur.

421 3987 448 4042 7·
470 3984 594 4042 Scilicet
607 3985 638 4043 in
652 3986 793 4045 omnibus
808 3989 907 4058 unctis
918 3989 1087 4062 prophetis,
1098 3987 1224 4063 regibus
1239 3991 1271 4044 et
1285 3986 1431 4044 sacerdo·

340 4060 434 4118 tibus.
448 4062 561 4120 Unctio
577 4065 656 4122 enirn
671 4067 913 4130 consolationem
929 4065 1052 4124 indicat.

418 4141 447 4195 8.
468 4139 607 4199 Membra
620 4143 650 4202 h.
663 4143 684 4200 l.
698 4150 770 4201 sunt
791 4145 856 4220 typi
879 4146 910 4202 et
933 4145 1082 4220 imagines
1105 4143 1237 4215 Domini,
1254 4147 1289 4200 nt
1302 4160 1343 4199 ex
1356 4159 1428 4200 mox

340 4215 541 4292 sequentibus
558 4223 654 4295 patet.
664 4221 785 4302 *Confer
800 4224 894 4298 epad
908 4221 981 4282 Gon.
990 4226 1019 4300 2,
1035 4227 1070 4282 lb
1082 4244 1096 4281 :.
1108 4239 1122 4270 a
1134 4223 1226 4290 Quae
1237 4223 1309 4280 sunt
1321 4217 1431 4278 umbra

335 4295 523 4368 futurorum,
538 4316 649 4375 corpus
665 4305 768 4360 autem
783 4299 897 4360 christi
911 4306 995 4362 ests.
1456 4364 1460 4371 ,

417 4377 445 4433 9.
466 4374 586 4435 Nomen
613 4377 886 4454 “Ospharnauma
913 4397 938 4435 s·
962 4380 1071 4438 auctor
1094 4381 1180 4438 reete
1209 4377 1432 4454 interpretatur
