3280 5028
348 341 419 412 212·

350 469 395 541 ad
422 467 510 542 illud
537 474 687 565 tempus,
718 464 782 560 ait,
808 463 869 538 sed
896 474 932 539 et
958 489 1070 564 usque
1096 468 1435 560 hanoniensem

247 615 275 634 ,-
350 573 482 669 ipsein
499 570 614 642 medio
641 593 762 642 eorum
790 572 916 664 stabat,
943 571 1152 666 sanguinem
1179 595 1281 647 suum
1311 575 1355 648 de
1381 573 1434 648 eis

349 698 422 748 non
450 673 654 768 vindicavit,
686 671 797 746 donec
828 695 908 746 eum
939 674 1162 770 occidissent,
1188 701 1234 750 ne
1264 677 1433 770 dicerent,

349 778 652 876 praedestinatum
668 775 789 871 fuisse,
805 783 847 849 ut
861 777 929 850 hoc
945 777 1057 856 fieret.
1075 779 1195 868 Quare
1214 780 1257 854 de
1276 781 1328 855 eis
1354 805 1434 856 sen-

350 883 499 956 teutiam
525 881 609 955 tulit
633 889 780 980 propter
805 882 1058 976 praecedentes
1079 884 1198 980 justos
1224 885 1368 981 occisos,
1394 894 1435 960 ut

351 1009 412 1060 eos
437 993 608 1078 moneret,
626 1008 671 1058 ne
689 992 725 1058 et
744 991 932 1080 sequentes
959 983 1170 1083 occiderent,
1188 988 1355 1086 deditque
1381 987 1434 1062 lo-

351 1113 431 1163 cum
456 1087 694 1188 poenitentiae
713 1087 756 1161 de
776 1111 842 1161 sua
857 1097 981 1184 morte,
1000 1114 1105 1188 qpcm
1122 1090 1184 1166 lex
1210 1092 1350 1166 crimini
1375 1116 1432 1166 oc-

349 1194 492 1268 cisionis
518 1193 772 1292 prophetarum
797 1215 869 1264 uon
895 1194 1079 1268 concessit.
1106 1195 1185 1273 Lex
1201 1196 1299 1278 euim
1325 1196 1432 1270 dicit:

349 1297 420 1388 Qui
438 1298 574 1392 occidit,
592 1297 774 1390 moriatur,
785 1319 858 1368 non
870 1303 1011 1370 autem:
1028 1297 1133 1394 Vide,
1147 1307 1191 1377 ,ut
1204 1307 1433 1376 convertatur

349 1410 386 1475 ct
402 1409 486 1474 tunc
512 1402 546 1474 ei
571 1400 782 1474 remittetur.
803 1401 1061 1474 Verumtamen
1087 1402 1134 1476 de
1165 1428 1231 1478 sua
1259 1404 1433 1478 occisione

350 1506 616 1602 poeniteutiam,
636 1504 667 1578 si
682 1503 807 1599 velint,
825 1503 998 1578 Dominus
1011 1505 1063 1582 eis
1081 1507 1263 1581 concessit.
1283 1507 1353 1582 Sed
1370 1531 1432 1606 po·

352 1609 458 1706 pulus
476 1633 540 1708 per
558 1607 767 1682 occisionem
784 1614 1007 1706 posterorum
1025 1615 1175 1683 testatus
1194 1617 1259 1706 est,
1273 1635 1311 1684 se
1329 1635 1432 1708 prae-

351 1712 550 1788 cedentium
565 1712 664 1786 caedi
677 1713 874 1786 consentire
888 1719 924 1784 et
936 1711 1161 1810 participare,
1175 1722 1211 1788 et
1223 1715 1433 1812 percoeles-

352 1817 487 1892 sioirem
512 1815 648 1916 proprii
667 1816 738 1889 oris
756 1839 777 1888 a
794 1838 879 1888 voce
897 1815 1057 1890 veritatis
1076 1817 1203 1892 deiecit
1218 1818 1243 1914 ¹,
1260 1818 1344 1916 quia
1368 1844 1431 1918 pa·

347 1927 423 1996 tres
442 1945 524 1994 suos
551 1919 668 1993 caedis
687 1920 939 2018 prophetarum
966 1943 1132 1994 accusare
1153 1946 1225 1995 non
1249 1923 1429 1998 erubuit&

350 2023 400 2098 Et
416 2024 709 2124 quemadmodum
728 2023 880 2121 populus
906 2021 1000 2096 filios
1032 2047 1114 2098 suos
1143 2026 1299 2099 nondum
1330 2035 1431 2103 natos

309 2173 311 2184 ·
349 2130 468 2202 caedis
493 2127 688 2203 Salvatoris
715 2126 905 2224 participas
922 2134 959 2200 et
975 2115 1164 2224 complices
1190 2129 1310 2224 fecit³,
1327 2130 1378 2204 ita
1395 2140 1432 2204 ct

346 2230 512 2308 Christus
529 2231 890 2306 malamvolunrarem
910 2253 1042 2324 corum,
1060 2233 1222 2328 quamvis
1239 2233 1429 2330 nescirent,

344 2337 464 2410 caedis
482 2336 742 2434 Prophetarum
760 2333 970 2432 participem
987 2342 1024 2407 et
1041 2335 1245 2434 complicem
1262 2337 1430 2435 reddidit,

344 2441 509 2538 quoniam
537 2447 789 2534 cognoverunt,
818 2437 950 2511 Filium
978 2460 1056 2513 esso
1084 2439 1263 2514 dominum
1290 2441 1430 2538 uineae,

343 2551 381 2617 et
407 2545 597 2637 sciverunt,
616 2567 696 2616 eum
724 2561 802 2614 esse
820 2541 1008 2637 vindicem,
1027 2550 1063 2616 et
1084 2550 1205 2618 tamen
1231 2569 1313 2620 eum
1339 2549 1429 2621 occi·

344 2649 476 2722 derunt
489 2647 519 2721 ²⁸.

415 2758 418 2765 '
449 2747 689 2826 Praevenieus
707 2749 889 2848 praecepit
906 2749 958 2822 eis
975 2748 1130 2847 Moyses,
1144 2759 1185 2824 ut
1209 2752 1248 2825 in
1264 2777 1334 2827 uno
1351 2754 1429 2828 loco

345 2855 516 2930 sacrificia
535 2879 599 2928 sua
615 2855 774 2949 offerent,
793 2861 828 2931 et
845 2853 882 2926 in
899 2877 940 2926 eo
966 2877 1097 2948 agnum
1124 2855 1348 2960 immolarent
1372 2865 1428 2956 ty·

344 2984 499 3060 pumque
526 2958 780 3057 redemptionis
805 2964 1028 3054 peragerent.
1063 2958 1150 3032 Ideo
1176 2983 1241 3032 nec
1266 2961 1429 3037 Herodes

344 3063 536 3139 Dominum
554 3087 633 3136 cnm
652 3061 844 3136 infantibus
861 3061 1167 3136 Bethlehemiticis
1181 3063 1342 3138 occidere
1357 3089 1429 3140 non

345 3168 472 3266 potuit,
489 3190 555 3240 nec
572 3165 759 3260 Nazaraei,
778 3189 886 3262 quum
904 3166 947 3238 de
966 3173 1084 3238 monte
1112 3191 1192 3240 eum
1218 3169 1431 3266 praecipita·

343 3278 436 3366 rent,
455 3271 530 3345 vita
556 3295 636 3344 eum
662 3271 904 3369 privaverunt,
923 3269 1007 3366 quia
1024 3269 1196 3344 Dominus
1225 3272 1429 3346 mandatum

344 3399 417 3448 non
433 3375 567 3470 habuit,
586 3381 689 3449 extra
710 3373 906 3447 ierusalem
931 3373 1115 3448 moriendi.
1137 3375 1254 3449 «Non
1279 3383 1429 3473 oportet,

346 3480 406 3574 ait,
425 3481 632 3578 prophetam
650 3477 768 3578 perire
785 3483 888 3550 extra
904 3477 1101 3552 Ierusalem
1114 3477 1140 3551 ⁵.
1157 3479 1263 3574 Vide,
1276 3478 1361 3555 licet
1372 3480 1429 3555 Ie·

406 3771 408 3780 s
425 3731 452 3786 1.
473 3729 499 3786 Ι.
515 3745 542 3785 θ.
555 3727 655 3789 noluit
668 3726 771 3786 dicare
783 3727 954 3786 veritatem.

425 3809 453 3866 2.
473 3805 577 3865 Verba
590 3806 634 3864 ita
648 3821 681 3864 se
695 3805 823 3865 habent:
842 3804 938 3882 “quia
955 3804 1077 3864 vocavit
1101 3804 1132 3866 iu
1156 3805 1341 3866 occisionem
1354 3804 1428 3866 Pro·

345 3887 506 3966 phetarum
521 3887 624 3962 patres
639 3901 721 3958 snos,
735 3900 793 3944 nec
807 3885 930 3944 erubuit
940 3913 966 3945 n.

424 3967 452 4021 3.
473 3965 558 4024 Haec
573 3966 713 4041 spectant
727 3965 765 4023 ad
777 3965 876 4024 Maru.
891 3966 939 4033 23,
954 3964 1061 4021 29-30:
1079 3963 1171 4021 “Vae
1185 3963 1285 4036 vobis,
1299 3961 1425 4022 Scribas

346 4047 380 4104 et
393 4042 559 4115 Pharisaei,
575 4043 626 4120 qui
648 4043 815 4104 aedificatis
840 4042 981 4120 sepulcra
1002 4041 1235 4118 Prophetarum,
1250 4043 1282 4099 ct
1303 4039 1424 4101 dicitis:

343 4119 550 4184 siluissemus
572 4123 603 4180 in
626 4119 734 4182 diebus
756 4128 877 4200 patrum
899 4124 1085 4194 nostrorum,
1108 4140 1168 4182 non
1189 4137 1327 4182 essemus
1351 4118 1427 4180 socii

345 4218 451 4260 corum
464 4199 495 4256 in
509 4201 655 4276 sanguino
668 4200 889 4279 Prophetarum
902 4231 928 4262 n.

422 4281 451 4336 4.
473 4277 518 4336 ef.
532 4279 631 4338 Mara.
644 4277 696 4355 27,
710 4283 766 4340 25:
785 4278 938 4358 cSanguis
953 4278 1020 4356 ejus
1035 4293 1127 4356 super
1150 4297 1205 4339 uos
1230 4281 1262 4338 et
1276 4295 1369 4356 snper
1391 4274 1426 4335 fl·
1449 4327 1452 4332 .
1554 4348 1555 4351 ,

345 4358 403 4422 lios
417 4361 573 4423 nostrone

424 4440 452 4498 5.
472 4437 544 4498 an.
561 4438 606 4516 13,
622 4438 669 4497 33.
