3218 5026
309 345 330 415 2

307 452 467 545 Verbum
484 471 601 566 itaque
619 469 718 542 venit
735 475 771 540 et
788 491 929 540 carnem
948 467 1073 562 induit,
1099 473 1139 540 ut
1163 489 1228 563 per
1244 466 1283 540 id
1299 465 1393 564 quod

307 565 594 671 apprehenditur,
607 573 933 670 apprehenderetur
946 572 983 644 id
992 571 1086 668 quod
1096 571 1393 669 apprehendinon

308 685 436 774 potest,
455 684 491 749 et
506 699 571 774 per
588 677 625 749 id
642 676 736 773 quod
749 701 820 748 non
838 675 1125 773 apprehenditur,
1146 698 1226 747 caro
1240 699 1277 748 se
1292 699 1393 748 aver·
1475 689 1478 695 '

308 787 400 852 teret
418 783 462 855 ab
480 781 531 853 eis
551 804 640 876 quae
659 805 736 854 eam
753 781 1060 878 apprehenderant
1071 779 1095 852 ¹.
1113 778 1270 854 Decebat
1286 779 1392 872 enim,

308 883 500 956 Dominum
526 892 687 957 nostrum
713 891 854 980 portum
880 883 957 956 fieri
982 883 1139 956 omnium
1154 885 1337 976 bonorum,
1355 881 1393 954 in

308 1010 413 1084 quem
437 987 598 1061 homines
624 994 943 1084 congregarentur,
970 994 1005 1058 et
1035 986 1152 1059 locum
1177 985 1394 1058 collectionis

308 1091 465 1164 omnium
478 1091 739 1188 mysteriorum,
756 1093 802 1164 ad
815 1115 920 1188 quem
936 1091 1091 1186 undique
1109 1095 1343 1183 accurrerent,
1356 1097 1394 1161 et

309 1195 515 1267 thesaurum
528 1196 684 1268 omnium
697 1219 915 1288 arcanorum,
929 1202 969 1266 ut
982 1217 1103 1268 omnes
1119 1193 1280 1266 homines
1293 1193 1394 1288 quasi

308 1297 376 1371 alis
393 1298 438 1372 ad
456 1322 536 1371 eum
555 1322 695 1372 sursum
711 1301 899 1391 ferrentur,
913 1299 998 1370 etin
1012 1321 1053 1370 eo
1073 1297 1147 1372 solo
1160 1297 1393 1393 quiescerent.

310 1401 517 1498 Cognosce2
536 1403 755 1500 sapientiam,
773 1403 867 1500 quod
883 1401 921 1474 in
941 1413 1024 1474 casu
1041 1401 1192 1500 ejusqui
1209 1399 1394 1494 ceciderat,

309 1505 439 1598 cecidit¹
454 1512 489 1578 et
504 1505 535 1578 is
553 1506 614 1602 qui
638 1507 740 1579 illum
759 1512 835 1580 erat
853 1507 1096 1579 suscitaturus.
1122 1504 1297 1593 Quoniam
1318 1527 1394 1576 cor-

308 1633 377 1706 pus
394 1609 523 1682 Adami
540 1609 639 1707 prius
659 1617 745 1704 erat,
772 1635 877 1707 quarn
902 1610 1187 1707 perturbationes
1205 1609 1295 1705 ejus,
1313 1607 1394 1679 ideo

311 1713 605 1810 perturbationes,
623 1739 709 1809 quas
727 1715 887 1788 Adamus
905 1721 1029 1811 postea
1040 1713 1214 1805 induerat,
1229 1711 1395 1784 Christis

310 1840 382 1889 non
399 1817 601 1913 assumpsit,
620 1819 703 1914 quia
719 1819 894 1914 quoddam
907 1817 1100 1891 debilitatis
1117 1815 1394 1889 additamentum

310 1927 412 1993 erant
429 1919 474 1992 ad
491 1927 653 1995 naturam
671 1947 802 1994 sanam.
828 1921 1001 1995 Dominus
1018 1920 1128 2017 igitur
1144 1926 1318 2012 naturam,
1335 1941 1396 1991 cu·

303 2024 365 2120 jus
384 2023 515 2096 sanitas
532 2027 696 2121 perierat,
715 2050 837 2098 sanam
853 2025 980 2120 induit,
998 2033 1038 2097 ut
1063 2025 1167 2097 homo
1185 2047 1249 2120 per
1271 2046 1394 2094 sanam

311 2127 455 2200 Domini
472 2135 635 2202 naturam
653 2129 838 2203 sanitatem
854 2129 990 2226 primae
1019 2152 1102 2201 suae
1129 2134 1277 2200 naturae
1294 2150 1395 2199 recu-

310 2237 462 2327 peraret.
477 2230 594 2319 Quum
609 2233 702 2304 enim
714 2234 895 2306 mordaces
907 2231 1067 2306 bestiae5
1079 2231 1258 2304 hominem
1271 2230 1394 2302 imma-

312 2335 405 2407 niter
421 2334 679 2430 vulnerassent,
697 2337 906 2409 Benefactor
924 2336 1090 2410 remediis
1108 2335 1181 2408 suis
1199 2357 1265 2406 nos
1281 2332 1394 2405 vivifi-

312 2461 392 2511 care
409 2438 598 2512 festinavit.
625 2441 829 2513 immeritus
856 2441 1091 2512 circumdatus
1110 2446 1164 2511 est
1189 2439 1292 2510 homo
1305 2435 1395 2532 liga-

311 2542 452 2635 mentis,
470 2541 553 2637 quia
567 2551 602 2614 et
614 2543 741 2640 plagae
760 2545 835 2641 ejus
847 2543 1044 2616 immeritae
1063 2550 1181 2636 erant,
1198 2541 1288 2626 nihil
1301 2539 1395 2612 enim
1445 2622 1452 2635 .

312 2645 416 2718 homo
441 2645 480 2717 in
506 2646 683 2740 Satanam,
709 2649 771 2744 qui
796 2667 876 2721 eum
893 2647 1079 2745 percussit,
1097 2651 1315 2744 peccaverat,
1333 2641 1396 2716 sed

313 2756 349 2820 et
365 2748 455 2820 nihil
472 2748 695 2823 Benefactori
705 2751 868 2845 dederat,
886 2752 948 2849 qui
965 2775 1046 2824 eum
1073 2751 1220 2823 sanavit.
1248 2749 1398 2822 Samson

311 2851 459 2925 maxilla
485 2853 604 2926 asinae
621 2854 751 2928 multos
772 2855 938 2952 perdidit,
956 2879 1103 2952 serpens
1121 2861 1239 2926 autem
1255 2851 1397 2922 univer-

312 2980 391 3028 sum
418 2980 530 3052 genus
556 2957 748 3031 humanum
775 2959 939 3058 perdidit.
965 2959 1112 3034 Eisdem
1138 2957 1247 3051 igitur
1273 2952 1397 3052 armis,

311 3059 440 3157 quibus
453 3060 565 3133 hostis
577 3062 711 3135 vicerat
725 3071 760 3136 et
772 3065 943 3137 mundum
955 3061 1171 3135 damnationi
1188 3055 1397 3150 involverat,
1448 3150 1451 3160 Ι

311 3163 485 3236 Dominus
502 3163 646 3238 indutus
668 3167 712 3238 ad
727 3175 904 3241 certamen
922 3164 1103 3239 descendit
1121 3168 1156 3233 et
1173 3161 1211 3232 in
1228 3183 1333 3232 carne
1351 3181 1398 3232 ex

215 3287 218 3296 ·
312 3267 461 3340 muliere
492 3278 680 3366 assumpta*
707 3271 876 3343 mundum
909 3268 1005 3360 vicit,
1043 3267 1183 3340 hostem
1218 3262 1400 3360 superavit

313 3376 418 3466 atque
444 3370 632 3445 damnavit.
659 3373 834 3461 Quamdiu
860 3372 1009 3444 ecclesia
1025 3371 1063 3444 in
1080 3368 1284 3443 abscondito
1310 3373 1399 3460 erat,

395 3655 422 3711 1.
443 3653 501 3713 Hic
511 3670 631 3731 quoque
641 3655 728 3713 locus
739 3655 829 3730 aliter
838 3672 947 3714 versus
961 3655 1004 3713 ita
1018 3653 1171 3714 sehabet:
1186 3651 1251 3711 “Ut
1261 3670 1316 3729 per
1326 3669 1396 3710 eum

315 3732 368 3810 qui
386 3733 633 3809 apprehenditur,
654 3734 935 3811 apprehenderetur
948 3734 973 3792 is
989 3734 1040 3812 qui
1060 3730 1247 3810 apprehendi
1265 3749 1327 3790 non
1343 3745 1397 3806 po·

315 3814 387 3887 test,
402 3817 433 3870 et
446 3815 481 3870 ut
493 3830 548 3888 per
562 3831 630 3871 eum
649 3815 700 3890 qui
716 3833 777 3873 non
791 3813 1038 3890 apprehenditur,
1054 3831 1125 3872 caro
1140 3830 1173 3869 se
1187 3812 1344 3868 averteret
1357 3808 1397 3866 ab

317 3892 362 3949 eis
383 3891 434 3967 qui
454 3909 521 3950 eam
541 3891 814 3966 apprehenderant.
835 3893 982 3952 Nimirum
996 3911 1050 3970 per
1063 3890 1162 3950 Deum
1182 3889 1333 3948 risibilem
1346 3905 1398 3962 ap·

314 3969 557 4108 prphenderetnr
565 3969 649 4029 Dens
659 3970 830 4049 invisibilis,
840 3989 895 4049 per
904 3989 994 4049 quem
1009 3989 1080 4031 caro
1092 3985 1125 4029 se
1137 3971 1294 4029 averteret
1304 3985 1323 4025 a
1333 3966 1398 4024 dia·

339 4052 434 4108 ooet
467 4049 618 4121 coeatis,‚.

397 4129 425 4184 2.
445 4067 571 4188 diacona
583 4127 614 4186 in
626 4129 684 4188 hoo
697 4129 765 4188 loco
789 4147 830 4187 ex
850 4130 960 4188 neutro
981 4128 1087 4187 codice
1108 4125 1224 4203 expleri
1238 4125 1351 4202 potest.
1366 4121 1398 4181 si

319 4207 359 4264 ad
372 4207 504 4282 spatium
517 4205 659 4266 vocabuli
674 4207 778 4268 omissi
790 4209 964 4286 respicitur,
977 4226 1039 4266 vox
1050 4207 1141 4266 trium
1156 4205 1206 4264 vel
1219 4207 1350 4280 quatuor
1363 4203 1399 4260 li·

319 4289 453 4344 terarum
467 4285 634 4363 supplenda
647 4292 705 4346 est.
718 4287 766 4346 Ex
780 4289 959 4365 conjectura
970 4286 1075 4364 posui:
1097 4300 1110 4332 a
1124 4283 1284 4361 Cognosce
1296 4313 1323 4344 a·

321 4443 340 4501 b
377 4365 425 4501 ιβ.
447 4364 496 4423 Ad
516 4365 659 4426 verbum:
687 4367 813 4428 “Gladii
830 4366 997 4427 bestiarum
1010 4396 1035 4430 a·
1057 4365 1167 4436 idest,
1188 4363 1294 4423 dentes
1315 4359 1398 4420 acuti

343 4461 375 4501 es
391 4459 499 4504 rarum.
