3280 5028
348 309 418 379 210

349 461 429 512 eum
445 439 574 513 videre.
592 461 606 496 e
625 439 760 532 Gaude,
782 437 856 512 filia
873 437 970 532 Sion,
989 459 1070 509 ecoe
1084 437 1178 510 enim
1192 460 1257 512 rex
1271 437 1369 511 venit
1386 436 1432 510 ad

348 549 384 613 te
396 541 420 636 ¹,
431 548 483 614 et:
497 564 512 599 e
526 542 669 616 Orietur
683 543 788 616 stella
797 545 960 620 exJaoob
973 581 989 616 a
1002 541 1029 635 ²,
1040 548 1076 614 et
1085 564 1228 614 rursus:
1246 563 1261 599 e
1275 537 1371 616 Osiri
1379 541 1431 613 fa-

348 645 437 717 eiam
451 645 563 740 ¹vobis,
576 647 637 743 qui
654 647 769 742 oolitis
787 670 916 722 nomen
933 669 1062 738 meum,
1076 644 1187 718 solem
1201 645 1361 742 justitiae
1375 684 1390 720 s
1403 643 1431 736 ³,

349 755 386 820 et
403 749 555 822 iterum:
578 772 592 806 e
610 749 680 822 Hie
699 751 893 824 sanctificat
918 749 1069 846 populos
1086 749 1217 821 multos
1234 788 1249 824 s
1265 747 1291 820 l.
1308 747 1431 821 Domi-

347 876 416 926 nus
443 853 575 950 incepit
596 851 809 928 oonfundere
836 855 928 946 illos,
946 852 1008 948 qui
1034 852 1181 925 oooultis
1206 852 1347 925 insidiis
1369 875 1430 926 ve-

347 965 484 1030 nerant.
505 959 647 1030 eFures
674 965 775 1050 sunt,
793 957 854 1052 ait,
874 965 909 1030 et
926 957 1083 1029 latrones
1096 995 1111 1031 s
1124 954 1152 1049 ⁵,
1168 956 1333 1052 quoniam
1358 979 1429 1030 non

346 1060 464 1156 palam
490 1085 529 1133 se
548 1068 799 1134 monstrarunt.
817 1063 910 1138 Eoos
936 1060 1110 1133 Dominus
1137 1059 1270 1155 gregis,
1288 1060 1429 1156 quando

346 1165 383 1238 iu
397 1188 499 1242 suum
513 1165 605 1237 ovile
619 1187 684 1260 per
694 1166 840 1261 januam
854 1167 877 1238 i.
888 1190 917 1237 a.
937 1164 974 1235 in
991 1163 1246 1238 haereditatem
1262 1187 1362 1236 suam
1374 1164 1428 1236 in·

345 1269 462 1342 trabat
478 1268 705 1364 confidenter,
723 1292 787 1365 per
801 1269 905 1365 signa
918 1277 954 1340 et
966 1266 1148 1362 miracula,
1162 1276 1198 1339 et
1205 1291 1336 1362 magna
1348 1290 1428 1340 eum

345 1369 477 1456 uirtute
495 1372 602 1458 venit.
621 1373 669 1444 Et
687 1395 779 1466 eooe,
786 1374 892 1475 ,Q
910 1374 948 1444 in
937 1371 1203 1464 fflrfflesffl)
1221 1378 1276 1442 est
1293 1395 1358 1468 per
1376 1377 1428 1442 te·

345 1474 510 1551 stimonia
537 1500 611 1569 sua,
629 1499 694 1548 neo
720 1499 758 1548 se
777 1476 971 1565 abscondit,
989 1475 1040 1547 ita
1056 1482 1096 1547 ut
1121 1474 1238 1572 ipsum
1256 1497 1429 1569 quaaren⁴

346 1585 401 1654 tes
419 1579 723 1654 observationibus
743 1587 779 1651 et
797 1581 1042 1676 disquisitione
1066 1602 1155 1676 opus
1178 1580 1343 1652 habeant.
1360 1578 1429 1652 eSi

345 1706 417 1754 non
434 1682 524 1756 faoio
542 1706 660 1779 opera,
673 1708 723 1756 ne
742 1685 896 1758 credatis
913 1724 928 1759 n
944 1682 971 1755 ⁶.
989 1683 1052 1756 llli
1068 1706 1154 1776 ergo
1181 1683 1426 1776 ostendebant,

348 1785 444 1883 quod
468 1810 540 1860 non
557 1795 658 1860 erant
677 1787 852 1882 Christus,
871 1795 907 1861 et
923 1788 1003 1859 ideo
1028 1787 1067 1859 in
1088 1786 1290 1860 abscondito
1315 1786 1427 1860 homi·

346 1912 410 1962 nes
427 1889 540 1963 furari
557 1895 782 1988 quaerebant.
802 1891 977 1989 Superbia
991 1889 1188 1983 fastidiosa,
1205 1914 1294 1986 quae
1320 1891 1358 1963 in
1376 1890 1428 1966 eis

343 2000 432 2088 erat,
456 2001 491 2065 et
517 1995 739 2070 mendacium
767 2004 803 2068 et
838 1995 1091 2088 simulationes,
1117 2018 1206 2089 quas
1241 2017 1427 2092 compone-

341 2098 439 2192 bant,
452 2121 512 2170 eos
522 2103 735 2194 arguebant,
749 2099 829 2176 ideo
841 2124 879 2172 se
893 2099 1078 2172 manifeste
1092 2101 1289 2172 monstrare
1299 2099 1427 2172 timue·

340 2209 435 2282 runt.
463 2201 626 2276 Theodas
646 2203 747 2296 dixit,
766 2227 803 2278 se
831 2227 909 2276 esse
935 2227 1103 2298 magnum
1130 2202 1294 2297 aliquem.
1321 2203 1373 2275 Ut
1391 2203 1426 2276 ei

341 2303 568 2400 adhaereant,
595 2306 700 2380 faeiat
725 2307 778 2379 eis
804 2307 1099 2404 experimentum
1128 2307 1166 2378 Si
1186 2329 1270 2378 vero
1295 2305 1327 2378 is
1352 2329 1425 2382 non

342 2416 408 2504 est,
426 2433 531 2507 quem
558 2433 596 2482 se
620 2410 722 2502 dixit,
749 2412 851 2508 quasi
878 2411 921 2483 de
949 2411 1018 2484 alio
1044 2409 1082 2481 id
1108 2409 1240 2482 dixisse
1267 2415 1424 2506 putetur,

340 2511 436 2608 quod
453 2513 529 2608 ipse
548 2513 591 2585 de
619 2500 657 2586 sd*
675 2515 824 2587 dixerat.
851 2515 940 2587 Inde
959 2538 1097 2610 quoque
1120 2513 1209 2586 exiit
1233 2512 1324 2584 illud
1351 2512 1423 2585 dio-

339 2621 438 2688 tum:
463 2617 501 2689 Si
520 2617 686 2690 Christus
711 2618 842 2712 veniet,
867 2641 970 2690 nemo
996 2617 1074 2710 soit,
1092 2619 1185 2690 unde
1212 2616 1260 2690 sit
1271 2617 1299 2688 ⁷.
1319 2616 1430 2704 Quod.

340 2719 531 2800 refutatum
550 2727 586 2792 et
603 2722 800 2794 eonviotum
819 2729 893 2816 est,
911 2721 993 2817 quia
1010 2721 1216 2795 dicebatur:
1236 2721 1322 2794 “Ex
1344 2721 1423 2794 vico

338 2821 549 2902 Bethlehem
576 2825 776 2898 nasciturus
803 2832 858 2897 est
885 2824 1050 2898 Christus
1068 2865 1105 2902 s.
1132 2825 1181 2898 Et
1206 2824 1289 2920 quia
1318 2823 1429 2898 multi.

263 2949 268 2958 ·
340 2925 474 3001 Christi
514 2936 767 3020 surrexerunt,
799 2928 956 3025 ambigui
982 2935 1084 3002 erant
1113 2928 1152 3001 in
1183 2929 1255 3002 suis
1290 2927 1423 3023 cogita-

338 3031 493 3106 tionibus
511 3038 548 3106 et
564 3032 753 3107 dixerunt:
781 3033 947 3108 Forsitan
974 3033 1131 3106 seniores
1157 3031 1270 3106 nostri
1293 3053 1425 3126 cogno.

337 3144 478 3230 verunt,
495 3136 589 3233 quod
616 3137 674 3210 hie
699 3161 805 3212 verus
833 3137 879 3209 sit
897 3136 1073 3230 Christus,
1097 3143 1134 3208 et
1159 3160 1231 3208 non
1256 3135 1363 3209 ueteri
1376 3133 1421 3228 ⁸?

337 3237 535 3336 Propterea
561 3239 653 3314 dixit
669 3241 743 3314 eis:
774 3241 845 3315 usi
863 3240 954 3313 alius
972 3241 1092 3315 veniet
1117 3240 1155 3312 in
1180 3240 1319 3313 nomine
1344 3263 1420 3332 suo,

338 3343 420 3417 huie
439 3343 591 3418 credetis
609 3385 624 3421 n
639 3343 667 3419 ⁹.
685 3344 778 3435 Quia
795 3344 899 3417 multi
916 3344 1034 3441 ipsum
1052 3345 1301 3441 sequebantur,
1314 3366 1421 3442 prop,-

351 3599 354 3612 ’
422 3611 448 3666 1.
469 3609 600 3669 Zsonsa.
616 3613 644 3682 9,
658 3613 687 3670 9.
701 3609 747 3668 Of.
760 3611 858 3669 Mirm
872 3610 920 3683 21,
936 3610 1068 3684 5310ss.
1084 3612 1130 3684 12,
1147 3611 1195 3669 15.

417 3693 445 3748 a
466 3687 546 3748 uun.
560 3692 609 3766 24,
622 3693 670 3750 rr.

416 3772 445 3828 3.
465 3767 602 3827 Mausos.
615 3772 643 3842 4,
658 3771 686 3827 2.

416 3845 692 3922 hffihffist

417 3930 445 3982 3.
465 3925 549 3984 Iesu.
566 3929 613 4000 10,
628 3929 658 3986 8.

416 4007 445 4062 6.
465 4004 549 4062 Ioss.
563 4007 610 4079 10,
624 4007 672 4064 37.

417 4085 444 4140 l.
464 4082 549 4142 Iosu.
564 4086 592 4158 7,
607 4087 658 4142 27·
1053 4119 1060 4132 ·

416 4162 444 4218 8.
464 4160 525 4220 Pro
544 4167 601 4221 aet
614 4181 676 4222 non
691 4163 804 4226 reteri„
822 4163 860 4224 ad
874 4163 1002 4222 verbum
1015 4163 1144 4241 legitur:
1160 4179 1271 4240 equam
1283 4179 1385 4224 omues
1394 4190 1423 4223 s.

336 4237 536 4314 Subintellige
550 4258 615 4318 eos,
630 4242 683 4319 qui
696 4243 810 4304 Christi
822 4259 933 4304 nomon
947 4243 1004 4304 sibi
1028 4247 1259 4320 arrogaverunt.
1274 4241 1319 4304 cf.
1336 4242 1429 4302 loun·

359 4361 368 4396 '
414 4401 444 4464 9.
464 4398 549 4460 loss.
564 4398 592 4479 5,
606 4401 654 4462 43.
