3256 5012
138 407 198 427 Α
327 313 396 384 192

322 439 383 532 tis,
401 437 590 510 illiautem
609 441 767 510 currunt.
786 437 931 512 Venit
956 433 1010 512 ad
1037 461 1118 519 vos
1144 437 1348 510 Ioannes
1367 433 1413 506 in

324 543 401 614 via
425 540 668 636 justitiae,
695 543 718 613 i.
738 565 767 612 e.
787 543 957 616 honorem
985 541 1129 612 Domini
1160 540 1231 612 sui.
1248 539 1316 612 sibi
1337 537 1414 634 ipse

324 665 395 718 non
426 643 589 738 arripuit,
609 644 683 737 sed,
702 667 781 716 cum
807 651 986 740 putarent,
1005 667 1087 716 eum
1109 666 1187 732 esse
1219 641 1414 733 Christum,

325 747 509 842 respondit
524 745 587 840 eis,
611 753 649 818 se'
668 769 739 818 non
757 747 906 840 dignum
924 769 1017 838 esse,
1038 752 1078 818 ut
1099 751 1217 843 portet
1243 743 1416 838 corrigias

325 849 644 923 calceamentorum
663 850 776 944 ejus¹.
804 913 807 919 .
884 847 885 850 ’
1294 933 1301 939 ,

430 952 517 1024 Alia
533 951 725 1046 parabola:
743 951 827 1024 Vir
846 949 1030 1046 quidam
1056 947 1416 1048 paterfamilias

324 1053 570 1150 plantavit
597 1053 691 1128 sibi
716 1053 1053 1150 vineam(Mar·n.
1078 1051 1293 1147 21‚33-45),
1322 1050 1416 1146 quod
1517 1139 1519 1144 Ι

313 1157 423 1242 gidem
445 1165 500 1234 est
526 1165 632 1253 atque
651 1157 759 1229 illud:
782 1157 968 1230 “Vineam
996 1179 1043 1229 cx
1069 1158 1237 1252 Aegypto
1259 1161 1415 1228 transtu·

329 1259 415 1353 listi,
434 1259 624 1355 extirpasti
642 1267 771 1353 gentes
786 1267 822 1331 et
838 1259 1010 1356 plantasti
1027 1283 1133 1334 eamn
1150 1257 1176 1330 2.

398 1451 399 1454 Ἴ
429 1363 478 1436 m
504 1385 589 1459 sepe
615 1363 767 1436 munivit
793 1387 882 1455 eam,
911 1385 1040 1456 nempe
1058 1363 1169 1456 alege,
1197 1367 1234 1433 et
1259 1357 1416 1432 torcular

311 1466 554 1560 ¹praeparavit
580 1465 618 1536 in
636 1487 697 1558 ea,
715 1465 840 1558 altare,
859 1473 895 1537 et
921 1463 1119 1538 aedificarit
1145 1465 1183 1536 in
1210 1487 1253 1535 ea
1278 1461 1417 1556 turrim,

311 1567 512 1663 templum,
531 1567 670 1640 etaEt
696 1567 827 1640 misit
854 1590 1018 1641 servos
1047 1572 1232 1661 subant
1259 1566 1301 1638 ei
1327 1566 1416 1640 fru·
1473 1631 1475 1634 .

310 1676 450 1750 ¹otum
476 1671 724 1744 afferrent.
752 1673 923 1747 Attamen
953 1692 1018 1742 nec
1049 1670 1170 1766 primi,
1202 1692 1269 1741 nec
1298 1667 1417 1763 medii,

329 1795 395 1844 nec
411 1774 584 1869 postremi
609 1774 764 1846 fructum
782 1798 804 1846 a
821 1773 955 1846 colonis
974 1780 1197 1868 acceperunt.
1223 1772 1312 1844 Post
1332 1771 1419 1844 haee

328 1876 427 1948 misit
452 1876 564 1950 filium
585 1900 699 1970 suum,
717 1899 788 1948 non
806 1899 847 1949 ae
866 1876 896 1948 si
913 1877 971 1962 hic
997 1875 1214 1949 novissimus
1232 1881 1337 1970 esset,
1356 1866 1419 1946 sed

310 1986 455 2074 ¹postea
483 1980 660 2076 apparuit,
678 1977 739 2074 qui
757 1985 864 2052 antea
889 1978 1059 2074 jamfuit,
1077 1985 1118 2050 ut
1136 1983 1172 2049 et
1188 1979 1341 2050 Ioannes
1367 1982 1420 2050 tc·

328 2087 466 2174 statur:
488 2105 503 2140 a
520 2083 588 2155 Vir
606 2083 727 2154 veniet
753 2093 834 2178 post
851 2106 920 2175 me,
939 2082 1000 2175 qui
1026 2081 1124 2176 prior
1141 2081 1263 2176 utique
1292 2086 1374 2155 ests
1391 2077 1418 2150 ⁵.

310 2263 311 2268 ,
330 2185 427 2266 Non·
440 2185 631 2280 ignorarit,
649 2208 908 2280 praecessores²
927 2207 1016 2280 quos
1042 2183 1150 2276 misit,
1168 2183 1304 2256 fructus
1329 2183 1420 2256 acci·

292 2335 304 2356 .
328 2287 458 2382 piendo
476 2290 632 2384 impares
649 2287 772 2381 fuisse,
791 2289 854 2360 sed
871 2289 938 2360 hoc
954 2287 1049 2380 fecit,
1066 2295 1107 2360 ut
1125 2285 1290 2382 querelas
1313 2283 1420 2363 obsti·

328 2397 492 2463 natorum
509 2392 692 2464 hominum
715 2414 738 2462 e
765 2391 881 2462 medio
900 2391 1044 2463 tolleret
1062 2389 1279 2464 dicentium:
1306 2387 1420 2468 anon

329 2491 446 2586 potuit
470 2493 669 2589 perlegam
699 2493 854 2586 dirigere
872 2500 909 2565 et
935 2515 1148 2590 praeparare
1175 2489 1315 2582 omnia
1331 2513 1420 2588 quae

203 2594 209 2602 ’
309 2593 444 2678 ,1011111
461 2633 489 2668 s.
508 2595 609 2667 Misit
627 2618 713 2688 ergo
732 2594 864 2667 Filium
879 2594 906 2690 1,
924 2603 964 2668 ut
983 2595 1034 2668 eis
1057 2595 1239 2668 silentium
1261 2595 1419 2691 impone-

331 2701 396 2768 ret.
429 2696 499 2769 Sed
532 2719 640 2796 quum
671 2697 856 2790 vidissent,
875 2699 1001 2777 *filium
1032 2699 1195 2792 venisse,
1228 2697 1419 2770 dixerunt:

331 2798 418 2870 Hie
444 2799 614 2872 haeres
642 2807 714 2873 est
738 2801 878 2896 hujus
902 2802 1081 2893 vineae,
1100 2802 1274 2894 venite,
1305 2799 1418 2874 occi·
1476 2806 1480 2809 ’

309 2901 492 2986 ¹damus
532 2912 702 2989 enmet
728 2911 838 2978 tuno
877 2912 1047 2978 nostra
1074 2905 1171 2978 erit
1207 2901 1421 2978 haeredi-

331 3010 403 3076 tas
430 3006 609 3080 vineae.
637 3007 770 3080 Filium
788 3007 930 3102 quidem
949 3007 1163 3102 occiderunt,
1182 3006 1245 3080 sed
1262 3003 1422 3080 haeredi·

302 3113 312 3182 ’,
331 3117 387 3180 tas
404 3109 580 3182 translata
597 3117 633 3182 et
647 3110 731 3182 data
747 3118 802 3182 est
820 3111 998 3205 gentibus,
1017 3110 1110 3183 sicut
1128 3116 1164 3182 et
1183 3108 1298 3182 dixit:
1320 3131 1336 3166 u
1353 3106 1423 3197 Qui

329 3209 452 3304 habet,
471 3212 613 3287 dabitur
632 3213 665 3284 ei
683 3218 720 3284 et
737 3213 942 3306 abundabit,
962 3221 997 3286 et
1015 3214 1076 3310 qui
1092 3236 1165 3286 non
1181 3213 1301 3306 habet,
1320 3217 1356 3284 et
1371 3210 1423 3310 id,

327 3313 580 3410 ‘Qodrapuit
600 3316 762 3388 auferent
779 3318 822 3388 ab
842 3339 915 3390 eo„
938 3315 963 3387 ³.
1501 3323 1505 3330 '

329 3469 333 3478 ·
438 3418 538 3490 Facit
556 3441 615 3491 eos
628 3418 769 3514 judices
786 3418 824 3490 in
842 3419 988 3514 propria
1005 3443 1112 3493 causa
1129 3419 1249 3492 dicens
1264 3443 1272 3490 :
1302 3415 1424 3506 Quid

337 3526 578 3592 merentur
605 3520 692 3593 isti
717 3521 1000 3618 coloniilpsi
1018 3523 1062 3594 de
1081 3547 1120 3596 se
1142 3521 1356 3596 sententiam
1372 3519 1424 3596 fe·

329 3627 455 3694 .rentes
473 3623 895 3720 reposueruntzMalos
921 3648 1003 3722 per
1021 3625 1140 3698 mala
1162 3625 1423 3722 perdebetc.

306 3723 467 3810 ¹Postea
489 3749 634 3800 sensum
661 3726 871 3824 explicabat
896 3729 1003 3801 dicit:
1035 3727 1284 3826 Nunquam
1310 3725 1424 3823 lagi-

328 3983 335 3992 '
417 3988 450 4042 1.
465 3986 512 4046 of.
525 3991 625 4049 Maru.
640 3996 668 4065 3,
685 3995 731 4051 11.

411 4063 439 4118 2.
461 4066 512 4122 Ps.
528 4071 576 4140 ro,
591 4073 618 4128 a.

303 4193 305 4197 Α
326 4173 333 4183 -
413 4142 547 4212 3..Ioau.
563 4150 589 4218 1,
608 4147 706 4206 15.1n
722 4152 787 4210 cod.
803 4151 838 4226 B,
852 4169 908 4227 pro
926 4170 939 4203 a
955 4154 1033 4218 Vir„
1050 4153 1164 4231 legitur
1181 4151 1334 4212 “Etalius
1347 4177 1373 4212 s·

333 4220 442 4357 mallii
460 4221 557 4282 Recte
592 4225 665 4284 hoe
684 4230 869 4290 vocabulum
911 4233 1037 4293 Auchcr
1081 4231 1295 4309 explicationis
1320 4242 1428 4288 causa

292 4391 297 4402 '
416 4382 444 4438 5.
464 4376 563 4436 Maru.
580 4381 626 4457 13,
642 4384 677 4440 12
692 4403 699 4459 3
713 4383 761 4459 25,
775 4386 821 4442 29.
