3260 5020
1251 283 1321 354 245

231 433 355 486 sauros
374 411 668 486 suosoonstituit.
689 411 865 487 Meoum
894 413 991 486 eris
1019 411 1066 484 in
1091 411 1227 485 horto
1253 435 1322 486 vo·
1384 455 1387 460 -

231 511 370 611 lupta
348 515 452 587 atis.

336 614 532 689 Paradisus
552 639 638 790 ergto
656 618 839 713 aperiebat
840 643 883 690 ur
900 641 964 719 per
990 617 1233 710 latronem,et
1198 639 1325 694 enon

122 736 124 740 ·
232 737 296 812 per
315 717 470 813 aliquem
484 740 529 791 ex
542 721 621 816 just
622 720 663 792 is.
677 719 884 814 Paradisus,
899 744 964 817 per
983 720 1187 794 Adamum
1171 725 1250 836 Just
1252 743 1323 834 um,

230 827 421 916 postquam
447 843 531 894 reus
556 822 627 894 fast
612 829 670 893 tus
690 829 767 895 erat
770 823 952 916 ,olausus,
971 846 1036 917 per
1055 846 1167 914 reum,
1186 821 1248 917 qui
1270 820 1324 892 vi

229 929 330 994 aeret
332 929 506 1018 ,apertus
524 931 589 996 est.
609 923 702 1012 Quia
726 926 856 998 Judaei
882 925 933 996 lat
919 933 1058 998 tronem
1084 924 1269 1019 elegerant
1286 931 1323 994 et
1427 989 1432 1002 ,

233 1021 357 1098 Christ
342 1031 417 1098 tum
448 1027 694 1120 reprobarent,
721 1025 949 1121 Deuselegit
935 1025 1026 1099 ttla
1011 1033 1216 1120 ttronem,e
1201 1023 1325 1098 tillos

234 1127 449 1222 reprobavit.
469 1128 516 1200 Et
534 1128 683 1224 ubijam
701 1126 813 1204 illud:
835 1152 850 1186 α
869 1129 907 1200 Si
928 1127 1008 1224 quis
1035 1149 1178 1201 earnem
1205 1150 1322 1212 meam

229 1250 304 1300 uon
322 1231 527 1326 sumpserit,
545 1230 656 1302 vitam
676 1253 746 1302 non
764 1232 902 1348 habet?
921 1230 962 1302 ¹?
981 1232 1141 1304 Verbum
1168 1233 1323 1348 Aposto-

232 1328 278 1402 11;
295 1330 534 1504 “Quicunque
553 1333 649 1429 bapt
640 1339 711 1404 mat
712 1334 725 1405 i
743 1357 865 1407 sumus
884 1333 922 1405 in
938 1331 1161 1423 Christum,
1152 1356 1189 1404 m
1207 1333 1322 1428 ipsam

233 1438 326 1504 mort
327 1455 382 1506 em
402 1434 478 1531 ejus
497 1459 619 1508 sumus
636 1437 733 1531 bapt
723 1447 795 1508 rzat
781 1434 866 1510 ιίιΞ
883 1435 1041 1508 declarat
1043 1435 1115 1529 ,lat
1102 1441 1239 1506 tronem
1258 1459 1328 1530 por

144 1540 155 1551 ‘
231 1533 442 1629 mysterium
477 1545 653 1654 aquaeet
680 1537 864 1654 sanguinis
892 1561 939 1610 ex
964 1537 1016 1610 lat
1002 1545 1078 1612 tere
1106 1535 1243 1610 Christi
1274 1537 1327 1608 el

231 1633 418 1710 fluentium
444 1639 623 1736 aooepisse
652 1641 896 1813 aspersionem
922 1639 1143 1714 remissionis
1166 1647 1315 1736 peooato
1310 1679 1331 1693 -

233 1761 322 1810 rum.
358 1740 534 1814 “Mecum
553 1742 637 1834 eris,
656 1742 718 1833 ait,
737 1743 775 1815 in
792 1742 873 1816 hort
860 1750 895 1814 ιο
913 1741 1061 1839 volupta
1040 1742 1155 1816 atis»

335 1843 392 1914 Et
419 1843 656 1916 dederunt
640 1845 724 1916 tei
758 1844 923 1918 bibere
959 1851 1062 1916 acet
1072 1849 1222 1916 umet
1206 1841 1328 1916 tlel.

233 1941 304 2015 Pro
323 1966 365 2016 eo
384 1945 478 2040 quod
505 1945 602 2018 dulei
628 1969 692 2018 suo
718 1947 802 2019 rino
832 1969 893 2018 eos
916 1946 1125 2020 laetificaret
1139 1944 1166 2040 ⁵,
1185 1951 1324 2017 acetum

231 2045 265 2116 ei
283 2055 532 2142 porrexerunt,
550 2071 615 2144 pro
634 2048 718 2120 felle
746 2054 866 2122 autem
880 2057 1023 2144 ‘magna
1040 2049 1116 2144 ejus
1142 2045 1324 2120 miseratio

232 2149 505 2224 amaritudinem
533 2151 694 2248 gentium
720 2151 860 2224 duloem
887 2151 979 2223 feeit.
999 2151 1136 2223 Tunica
1157 2150 1235 2245 ejus
1253 2171 1327 2220 non
1424 2153 1426 2158 '

234 2257 288 2323 est
314 2251 435 2346 saissa,
454 2275 545 2349 quae
572 2254 691 2348 imago
718 2261 773 2326 est
799 2253 996 2326 divinitatis
1023 2255 1110 2350 ejus,
1134 2273 1226 2348 quae
1252 2273 1325 2322 non

183 2407 185 2412 .
233 2351 418 2447 dividitur,
436 2357 520 2452 quia
545 2379 616 2428 non
643 2361 698 2430 est
724 2355 928 2451 oomposita.
947 2355 1050 2444 Quod
1071 2354 1325 2428 uestimentum

233 2455 310 2551 ejus
328 2455 482 2530 divisum
501 2465 556 2532 est
573 2457 611 2530 in
629 2463 782 2554 quatuor
800 2465 933 2554 partes,
952 2457 1128 2553 signifieat
1158 2455 1324 2554 Evange-

232 2555 320 2630 lium
337 2558 375 2630 iu
391 2566 543 2654 quatuor
561 2568 682 2657 partes
700 2559 824 2634 muudi
842 2582 1082 2654 egressurum.
1110 2558 1324 2632 Distribuita

233 2681 363 2757 eorpus
390 2663 469 2757 ejus
494 2663 671 2737 intervos
699 2685 883 2736 examore
910 2686 1095 2759 argaeum
1122 2662 1184 2756 qui
1202 2667 1323 2732 vestes

232 2785 316 2836 suas
335 2763 623 2859 crucifigentibus
643 2789 689 2838 ex
708 2787 828 2837 amore
847 2789 935 2861 erga
951 2788 1015 2838 vos
1034 2763 1166 2835 divisit.
1185 2762 1323 2836 Sumite

231 2871 269 2937 et
286 2865 461 2960 deglutita
474 2891 538 2941 vos
556 2889 679 2943 omnes
694 2889 774 2938 eum
792 2873 918 2960 totum,
932 2873 972 2938 ut
986 2865 1063 2962 ipse
1083 2862 1179 2936 solus
1203 2887 1326 2959 sump-

233 2967 280 3040 sit
298 2975 334 3040 et
352 2969 544 3064 deglutivit
570 2976 721 3062 mortem
747 2968 903 3040 omnium
922 2975 1093 3040 vestrum.
1111 2963 1261 3062 Aperite
1290 2966 1324 3036 ei

230 3076 355 3166 portas
381 3073 498 3146 cordis
524 3073 649 3167 vestri,
674 3071 736 3168 qui
762 3071 902 3166 aperuit
928 3070 1029 3142 vobis
1066 3073 1188 3164 portas
1199 3067 1321 3166 *regni

231 3172 299 3244 sui.
318 3172 436 3248 Maria
462 3173 655 3248 Dominum
673 3174 765 3248 vidit
788 3173 826 3244 in
844 3195 898 3266 eo,
916 3172 981 3269 qui
1007 3173 1045 3245 in
1063 3171 1144 3244 sinu
1171 3173 1248 3268 ejus
1267 3193 1322 3241 re·

232 3269 365 3370 oubuit,
383 3285 420 3350 et
435 3279 588 3352 Ioannes
605 3277 798 3351 Dominum
816 3275 908 3349 vidit
925 3276 962 3348 in
986 3297 1136 3371 eaquae
1157 3298 1203 3348 ex
1221 3279 1323 3346 utero

233 3398 316 3450 eum
342 3380 502 3476 peperit,
527 3380 609 3454 ideo
635 3381 720 3454 huio
746 3403 832 3477 prae
868 3379 997 3453 oeteris
1033 3376 1218 3475 discipulis
1245 3399 1324 3448 eam

232 3482 502 3556 commendavit.
596 3567 599 3580 .

338 3581 431 3670 Quia
446 3609 547 3658 mens
564 3585 847 3680 crucifigentium
861 3586 1092 3660 obtenebrata
1108 3604 1180 3654 non
1192 3603 1324 3677 oogno·

233 3681 297 3778 vit,
315 3684 431 3780 qualis
444 3687 502 3760 'sol
519 3687 618 3783 ligno
637 3689 752 3762 oruois
771 3687 901 3761 affixus
919 3693 1027 3779 esset,
1053 3684 1106 3758 sol
1133 3682 1252 3756 oeulos
1278 3683 1323 3756 il·

233 3783 414 3878 luminans
441 3791 692 3866 obtenebratus
720 3796 794 3884 est,
820 3785 1128 3885 quumque.oouli
1162 3785 1322 3882 eorporis

232 3907 358 3961 eorum·
381 3892 710 3987 obtenebrarentur,
734 3916 836 3966 mens
862 3914 983 3965 eorum
1009 3888 1181 3986 paulatim
1207 3887 1323 3983 eoepit

210 3987 440 4067 *illuminari
472 3995 566 4068 Vae
593 3994 695 4090 luit,
726 4018 811 4068 vae
850 3994 943 4066 fuit
983 3991 1134 4088 nobis,
1165 3991 1323 4066 Filius

256 4171 259 4178 '
314 4169 341 4223 1.
361 4167 447 4226 Ιοιιι.
462 4171 490 4244 6,
504 4169 552 4226 54.

315 4246 343 4300 2.
364 4245 441 4304 Rou.
457 4249 484 4318 6,
499 4251 527 4305 3.

317 4323 335 4377 3
357 4322 479 4383 Seilioet
492 4301 647 4403 innuptiis
663 4325 767 4387 (lanae
781 4327 811 4386 in
826 4327 972 4388 Galilaea.
1063 4393 1069 4416 ·.
