3260 5020
1240 311 1312 390 233*

218 458 294 510 esse
313 441 523 529 arroganter
546 435 703 530 gloriari.
737 439 775 512 Si
793 438 887 512 enim
906 436 937 509 is
956 437 1108 533 quinon
1135 439 1246 534 timet,
1265 439 1308 512 ti·

217 534 307 610 muit
320 545 356 610 et
369 538 484 635 petiit,
498 547 538 611 ut
555 539 780 636 liberaretur,
793 542 878 614 licet
896 540 1015 634 sciret,
1028 541 1066 614 id
1083 563 1161 614 esse
1174 542 1307 637 impos-

217 641 331 736 sibile,
358 648 492 738 quanto
518 643 632 738 magis
654 645 725 741 ipsi
750 651 853 718 orent
884 649 966 716 ante
993 642 1246 738 tentationem,
1268 653 1308 716 ut

215 750 376 840 tempore
390 743 598 818 tentationis
612 769 690 818 eam
700 747 862 821 evadant.
872 747 956 820 Aut
965 745 1050 839 quia
1060 752 1220 843 tempore
1230 755 1308 818 ten·

216 846 362 919 tationis
382 855 520 919 mentes
537 853 680 921 nostrae
699 849 850 922 distrahi
865 855 902 920 et
915 847 1146 943 cogitationes
1164 855 1309 922 nostrae

216 948 364 1046 evagari
382 949 511 1042 solent,
529 949 606 1048 ipse
624 952 750 1046 oravit,
767 961 809 1024 ut
825 975 891 1024 nos
918 950 1072 1045 doceret,
1091 957 1213 1025 eontra
1235 975 1328 1023 ma·-

215 1050 433 1126 ohinationes
451 1059 488 1124 et
505 1052 654 1126 insidias
672 1055 849 1128 malorum
874 1053 1034 1126 oratione
1057 1077 1147 1150 opus
1174 1077 1253 1127 esse
1272 1060 1310 1126 et
1423 1145 1425 1150 Ι

171 1147 174 1156 '
215 1153 461 1252 frequentibus
479 1155 644 1252 precibus
670 1157 903 1253 cogitationes
921 1155 1113 1229 dissolutas
1132 1180 1210 1230 esse
1237 1157 1309 1230 eol·

215 1255 392 1351 ligandas.
420 1259 513 1330 Aut
540 1281 600 1332 eos
620 1260 894 1351 confortaturus,
912 1258 974 1354 qui
996 1266 1146 1332 mortem
1171 1259 1310 1354 timent,

217 1359 385 1454 ostendit,
405 1383 443 1434 se
470 1359 589 1456 ipsum
616 1362 790 1455 timuisse,
808 1369 848 1434 ut
867 1363 1021 1451 doceret,
1038 1362 1213 1454 timorem,
1239 1362 1310 1436 nisi

217 1460 255 1534 in
274 1483 315 1535 co
332 1471 617 1560 perseverarent,
631 1489 692 1540 eos
713 1464 863 1563 perdere
881 1487 954 1537 non
967 1487 1083 1562 posse.
1101 1466 1180 1538 Hoc
1198 1464 1310 1560 signi·
1411 1477 1413 1484 '

219 1564 373 1638 ficabant
398 1569 532 1640 verba:
563 1567 679 1641 “Non
704 1591 794 1660 mea,
820 1567 946 1660 Pater,
968 1567 1032 1638 sed
1058 1566 1222 1640 voluntas
1248 1575 1311 1640 tua

217 1667 280 1740 fiat
298 1707 313 1742 a
331 1669 356 1764 ¹,
374 1669 396 1741 i.
417 1692 446 1740 e.
466 1669 611 1762 moriar,
630 1679 670 1742 ut
688 1670 819 1743 multos
839 1670 958 1742 salvos
975 1668 1112 1742 faciam.
1131 1671 1225 1742 Aut
1241 1670 1309 1744 hoc

217 1769 312 1864 fecit,
328 1779 369 1844 ut
394 1779 544 1845 mortem
570 1772 722 1847 falleret.
749 1776 842 1847 Aut
869 1796 890 1845 a
915 1772 1080 1869 passione
1111 1771 1241 1864 timuit,
1269 1781 1310 1846 ut

217 1896 313 1946 mors
343 1881 589 1972 praesumeret
620 1877 737 1974 ipsum
765 1876 948 1968 devorare,
968 1874 1032 1947 sed
1050 1882 1087 1947 ct
1111 1875 1308 1968 festinaret,

178 2053 180 2056 ,
217 1998 381 2050 ovomere
400 2000 491 2050 eum.

308 2079 380 2153 ·Ad
397 2085 548 2154 mortem
575 2081 813 2179 superandam
833 2079 933 2152 <saeta
958 2086 1041 2154 sunt
1061 2080 1149 2154 haec
1176 2081 1307 2178 omnia,

217 2203 307 2276 quae
325 2181 364 2254 in
381 2189 429 2276 te,
456 2183 619 2277 Domine,
645 2190 769 2257 eontra
794 2206 872 2256 eam
899 2183 1179 2258 occultabantur.
1207 2183 1308 2256 Divi-

217 2283 311 2360 nitas
341 2291 404 2359 tua
437 2285 545 2358 morti
579 2291 651 2359 non
687 2294 764 2360 erat
798 2283 996 2360 accesibilis
1027 2293 1063 2360 et
1098 2285 1143 2357 ad
1179 2307 1309 2358 aroana

215 2391 278 2460 tua
297 2411 370 2460 non
395 2387 511 2486 potuit
536 2395 735 2485 penetrare.
762 2388 935 2477 Quamvis
961 2411 1090 2460 nomen
1108 2395 1191 2461 tuac
1217 2387 1307 2461 divi-

215 2487 340 2563 nitatis
356 2491 635 2588 praedicaretur,
653 2501 773 2565 tamen
790 2499 877 2565 tunc
897 2491 1068 2586 temporis
1087 2491 1189 2588 quasi
1207 2497 1307 2566 veste

215 2590 254 2664 id
280 2593 482 2690 contegisti,
509 2595 594 2691 quia
618 2619 749 2669 nomen
774 2602 876 2667 tuum
906 2593 1066 2666 divinum
1100 2593 1309 2667 indumento

212 2695 368 2769 nominis
384 2697 541 2770 ‘humani
566 2699 750 2796 operuisti.
769 2696 1022 2795 Cujuscunque
1046 2696 1142 2768 enim
1167 2695 1205 2769 in
1232 2719 1308 2770 cor·

213 2816 300 2898 pore
327 2798 468 2896 signum
486 2801 588 2874 Adae
607 2801 714 2896 primi
741 2799 919 2898 apparuit,
937 2800 1044 2896 hujus
1062 2822 1192 2894 corpus
1222 2821 1307 2871 esea
1353 2887 1366 2908 Ι

212 2897 280 2973 fuit
297 2903 444 2996 mortis3
463 2903 525 3000 qui
551 2911 670 2976 autem
697 2903 839 2998 signum
867 2901 970 2973 Adae
997 2901 1146 2975 alterius
1174 2907 1306 2996 portet,

214 2997 377 3078 dominus
396 3011 451 3079 est
468 3005 592 3080 mortis
611 3013 647 3078 et
664 3006 777 3079 victor
795 3005 872 3102 ejus
885 3002 912 3074 ².
932 3003 1000 3076 Ille
1023 3003 1161 3100 primus
1187 3003 1306 3076 Adam

212 3121 280 3204 per
298 3114 442 3202 gustum
469 3107 634 3183 dissolvit
660 3131 761 3182 suam
778 3108 1011 3200 voluntatem,
1035 3129 1141 3201 quam
1167 3107 1307 3201 corpori

213 3209 377 3305 subjecit,
395 3217 431 3284 et
450 3212 651 3285 attenuavit
668 3218 704 3284 et
722 3207 886 3284 dissolvit
902 3231 1042 3306 eorpus,
1056 3213 1097 3280 ut
1119 3207 1219 3280 cibus
1235 3207 1307 3280 tie-

211 3320 269 3385 ret
295 3313 431 3408 mortis,
457 3314 549 3388 alter
575 3339 661 3389 vero
690 3323 838 3389 strenua
864 3335 930 3384 sua
954 3312 1140 3394 voluntate
1177 3332 1306 3408 corpus

205 3411 436 3512 confortavit,
453 3424 493 3490 ut
509 3419 554 3493 ab
574 3441 635 3492 ore
654 3417 779 3493 mortis
797 3415 992 3492 recederet.
1107 3455 1108 3460 =

293 3653 320 3707 1.
341 3651 390 3709 Ad
404 3651 551 3711 verbum:
578 3652 684 3727 “Nom
699 3653 802 3726 Pater,
817 3650 872 3710 sed
887 3655 941 3710 tua
956 3681 969 3711 n
984 3654 1043 3708 etc.
1057 3651 1093 3708 In
1109 3648 1177 3707 eod.
1190 3647 1234 3704 B:
1253 3663 1265 3692 a
1287 3669 1305 3706 o

214 3729 316 3802 Pater,
331 3730 386 3786 sed
397 3732 476 3790 tua„
491 3733 548 3788 etc.

292 3805 434 3865 alain
460 3808 526 3866 cod.
541 3809 575 3865 B.
598 3810 634 3868 In
659 3811 723 3869 cod.
739 3807 767 3866 A
786 3827 841 3885 pro
869 3805 994 3866 “victor
1018 3806 1086 3882 ojus
1100 3835 1126 3878 a,
1152 3802 1230 3861 falso
1257 3805 1306 3863 est

216 3897 229 3930 ⁴⁴
243 3883 411 3943 dissolutor
425 3885 526 3944 carnis
540 3915 565 3947 a.
