3218 5024
188 468 360 562 Dominus
375 486 637 562 :Dimittuntur
651 486 716 560 tibi
729 493 872 584 peccata
889 487 975 560 tua?
994 486 1164 575 Quamvis
1182 488 1276 560 enim

188 598 331 690 peccata
348 616 420 664 non
437 591 582 664 dimissa
599 598 728 684 essent,
742 591 831 664 nihil
849 590 1044 688 paralytico
1061 591 1275 684 nocuissent,
1315 671 1317 680 χ

188 703 375 794 postquam
395 694 505 768 semel
527 720 548 768 a
573 695 730 768 vindicta
746 718 811 792 per
828 694 1105 768 misericordiam
1122 703 1159 768 et
1175 695 1274 768 boni-

188 807 298 874 tatem
315 801 489 874 liberatus
508 805 593 872 erat.
1265 807 1268 814 ’

292 905 540 999 Rursusquae
555 910 636 998 post
652 903 739 975 haec
757 902 843 974 dicit
861 901 1065 999 Scriptura:
1088 899 1276 976 “Murmu-

188 1014 269 1080 rant
288 1014 323 1079 et
341 1007 461 1079 dicunt
478 1006 662 1080 Pharisaei
680 1012 716 1077 et
734 1005 899 1080 Scribae:
919 1005 1010 1078 Cum
1023 1005 1224 1102 publicanis
1239 1013 1276 1079 et

188 1111 432 1207 peccatoribus
459 1110 564 1182 editis
585 1118 621 1182 et
637 1109 769 1185 bibitis.
796 1110 933 1199 Quibus
961 1110 1053 1184 dixit
1078 1109 1275 1183 Dominus:

188 1214 272 1288 Non
298 1221 353 1287 est
378 1238 467 1312 opus
492 1214 628 1287 medico
655 1213 762 1308 sanis,
789 1214 853 1286 sed
870 1214 1036 1310 aegrotis,
1055 1220 1091 1287 et
1105 1236 1177 1285 non
1193 1215 1276 1288 veni

188 1340 316 1392 vocare
336 1319 465 1416 justos,
492 1319 555 1390 sed
581 1325 782 1416 peccatores
799 1355 828 1392 a.
853 1319 904 1391 At
929 1318 996 1391 hoc
1021 1317 1111 1392 citra
1135 1339 1276 1392 omnem

189 1422 433 1518 quaestionem
450 1429 598 1518 constat,
616 1422 654 1494 in
675 1421 791 1494 medio
816 1421 962 1494 Israelis
989 1445 1093 1495 sanos
1112 1427 1148 1493 ct
1158 1421 1276 1518 justos

188 1526 309 1599 fuisse.
328 1527 431 1620 Ecce,
458 1550 530 1599 non
548 1533 602 1599 est
618 1524 831 1623 peregrinus
846 1525 858 1572 ¹
887 1525 987 1600 labor
1005 1525 1103 1598 illius
1121 1526 1206 1599 Iesu
1223 1524 1275 1597 le-

189 1629 257 1724 gis,
277 1629 339 1725 qui
357 1629 615 1727 defatigabatur
633 1636 779 1727 propter
795 1628 955 1702 homines
983 1636 1019 1702 et
1045 1653 1105 1702 eos
1129 1632 1275 1704 sanabat

189 1739 227 1805 et
238 1733 466 1830 justificabat.
485 1734 533 1806 Et
551 1733 581 1807 si
599 1732 751 1830 gentiles
774 1740 885 1828 erant,
912 1733 998 1806 item
1023 1734 1185 1807 omnibus
1202 1755 1275 1806 mo·

188 1836 245 1909 dis
262 1837 301 1909 in
318 1845 415 1911 terra
434 1836 596 1911 Creatori
615 1861 678 1911 suo
706 1837 783 1910 sani
810 1844 845 1909 et
866 1837 958 1935 justi
974 1837 1110 1911 inventi
1128 1844 1222 1932 sunt,
1240 1843 1277 1910 et

188 1964 232 2013 eo
252 1941 314 2038 qui
331 1948 456 2038 postea
467 1941 600 2039 prodiit
613 1940 641 2035 ²,
658 1963 730 2012 non
747 1940 900 2038 amplius
927 1965 1015 2037 opus
1036 1948 1101 2036 est,
1120 1941 1204 2039 quia
1222 1965 1277 2014 sa·

187 2045 246 2118 nis
264 2068 336 2117 non
353 2070 442 2142 opus
461 2053 516 2118 est
533 2046 680 2138 medico,
698 2067 763 2116 nec
774 2045 882 2142 justis
901 2045 1025 2141 gratia.

294 2150 407 2223 Omne
426 2149 516 2222 illud
534 2157 686 2246 tempus,
714 2149 808 2245 quod
825 2148 998 2222 Dominus
1015 2157 1137 2223 noster
1155 2149 1193 2221 in
1209 2149 1275 2222 hac

15 2211 16 2264 ἶ
144 2237 149 2247 ’
186 2259 286 2326 terra
302 2254 488 2350 transegit,
502 2253 657 2326 thalamo
675 2259 855 2350 comparat
881 2259 917 2324 et
943 2276 980 2325 se
999 2253 1117 2350 ipsum
1135 2275 1274 2350 sponso.

186 2357 289 2430 Non
318 2364 518 2454 possunt
554 2355 673 2430 socii
709 2355 873 2453 sponsi
902 2357 1137 2454 jejunare,
1173 2355 1275 2428 dum

187 2483 392 2557 sponsus
418 2479 514 2534 cum
541 2461 609 2534 eis
636 2459 908 2557 est(Miao.2,
929 2463 998 2555 19).

295 2565 413 2638 Ecce
441 2563 675 2662 discipuli
701 2564 770 2637 tui
791 2573 1051 2662 operantur
1078 2565 1152 2638 die
1180 2565 1276 2639 sab·

185 2667 653 2765 bathiquodfaoere
680 2668 912 2741 nonlicet
939 2668 1074 2766 (Mirn.
1104 2671 1159 2762 12,
1188 2669 1275 2762 1-8).

183 2772 258 2847 Sed
274 2773 374 2870 prius
392 2773 565 2846 Dominus
584 2795 644 2844 eos
657 2771 877 2846 instruxerat
895 2780 931 2845 ct
947 2773 1148 2847 inveritate
1160 2773 1275 2871 justo·

184 2901 267 2949 rum
285 2884 503 2973 exercuerat,
517 2901 561 2950 ne
575 2877 677 2972 forte,
690 2901 800 2973 quum
808 2877 926 2973 legem
939 2901 1004 2975 per
1017 2875 1275 2975 plenitudinem

183 3003 287 3054 suam
305 2981 469 3075 solveret,
487 2981 712 3056 mirarentur.
745 2981 815 3055 Sed
833 2988 869 3052 et
887 2979 995 3054 Pater
1013 2983 1089 3080 ejus
1107 3003 1184 3052 eam
1204 2979 1274 3052 sol·

184 3084 250 3178 vit,
275 3091 316 3157 ut
342 3085 554 3179 ostenderet,
581 3085 626 3158 ad
653 3108 690 3158 se
717 3084 895 3182 pertinere
913 3085 1126 3157 creationem
1144 3089 1180 3154 et
1197 3082 1275 3157 dari

184 3185 449 3285 providentiam
468 3197 503 3261 et
521 3187 819 3285 dispensationem
837 3181 940 3283 legis,
959 3195 994 3260 et
1011 3195 1052 3260 ut
1069 3189 1274 3282 comproba-

183 3299 253 3386 ret,
267 3316 345 3364 eam
362 3293 558 3366 remedium
575 3293 684 3365 fuisse
703 3290 946 3388 separationis,
973 3291 1067 3388 quod
1093 3289 1273 3366 doloribus

181 3420 206 3468 a
222 3395 314 3492 pede
332 3420 444 3494 usque
461 3397 506 3469 ad
524 3404 629 3493 caput
647 3395 814 3469 diffusis⁵
841 3419 948 3470 verus
971 3395 1127 3468 medicus
1146 3418 1273 3492 propo·

183 3499 267 3572 suit.
296 3499 569 3599 Coeperunt
595 3500 753 3598 spicas
786 3498 997 3573 evellere
1024 3505 1068 3571 et
1093 3499 1272 3572 fricare

182 3610 229 3676 et
256 3604 404 3678 edere.
431 3607 504 3679 Hic
523 3604 727 3701 exemplum
745 3611 781 3676 et
797 3627 922 3676 norma
948 3602 1120 3700 quaedam
1144 3602 1273 3676 consti·

178 3713 263 3808 ,tuta
279 3715 335 3781 est
347 3707 373 3780 ²⁸.
387 3708 466 3782 Lex
484 3709 579 3782 enim
595 3708 787 3806 prohibuit,
809 3730 855 3780 ne
872 3706 916 3779 de
934 3706 1102 3804 primitiis
1116 3705 1273 3802 ederent,

265 3916 292 3972 1.
312 3914 361 3972 Ita
374 3913 404 3971 in
419 3913 487 3974 cod.
501 3914 537 3972 B.
557 3913 594 3972 In
610 3911 677 3972 cod.
692 3914 721 3973 A
735 3916 767 3972 ot
779 3912 809 3970 in
824 3914 913 3972 textu
926 3913 1077 3990 impresso
1089 3933 1096 3971 :
1110 3911 1191 3971 hicce
1204 3929 1268 3972 non

181 3993 233 4051 est
249 3993 338 4052 labor
349 3992 394 4050 illi
407 3991 484 4050 Jasu
496 3992 575 4068 legis
590 3996 650 4052 etc.

260 4073 290 4130 2·
312 4072 360 4130 Sc.
374 4071 521 4131 Marcion.

177 4193 180 4201 .
261 4152 289 4208 3.
312 4148 435 4210 Confer.
449 4150 491 4209 Is.
508 4153 535 4223 1,
550 4153 578 4223 6,
592 4149 646 4209 ubi
657 4151 788 4229 populus
801 4148 901 4210 Israel
914 4168 933 4208 a
945 4149 1051 4226 planta
1063 4147 1151 4228 pedis
1166 4165 1265 4227 usque

180 4231 221 4291 ad
232 4230 380 4289 verticem
394 4227 526 4289 afflictus
542 4229 661 4288 dicitur.
731 4285 733 4290 .

261 4312 290 4369 4.
311 4309 426 4368 Sensus
440 4315 507 4368 est:
522 4310 590 4367 Hoc
602 4310 821 4386 Apostolorum
834 4309 916 4368 facto
940 4308 1114 4385 exemplum
1128 4309 1265 4386 proposi-

183 4392 319 4464 tumeat,
334 4406 394 4465 quo
409 4389 634 4464 ostenderetur,
650 4390 750 4466 legem
771 4388 927 4466 antiquam
940 4407 959 4446 a
972 4389 1096 4449 Christo
1116 4387 1266 4464 abrogan-

182 4468 253 4526 dam
264 4484 344 4538 esse,
356 4483 450 4544 quare
462 4473 494 4526 at
502 4468 584 4526 licite
597 4467 747 4542 fecerunt,
758 4467 841 4544 quod
851 4468 958 4527 eontra
967 4469 1067 4544 legem
1078 4471 1154 4526 erat.
1166 4467 1267 4524 Possit

181 4547 232 4608 hic
245 4547 331 4608 locus
344 4551 377 4607 et
390 4547 482 4608 verti:
500 4545 583 4608 ⁴⁶ch
596 4547 661 4626 typi
674 4549 706 4610 st
719 4547 834 4624 figurae
846 4547 885 4608 ad
898 4547 989 4609 tinam
1000 4545 1140 4626 perducti
1150 4547 1221 4605 sunt
1233 4575 1260 4610 η.
