3218 5026
1253 323 1274 368 v
1350 327 1353 334 .

197 455 263 510 nes
282 457 345 531 seu
363 436 480 534 capita
494 435 749 532 quinquaginta
766 435 919 532 quinque
938 432 1176 526 distributum,
1198 455 1278 505 auo-

198 561 277 628 tore
295 553 444 628 Tatiano
463 556 610 653 Syro...
629 556 673 627 In
699 555 768 628 fine
785 557 871 630 haee
898 577 919 626 a
944 552 1089 626 librario
1115 551 1280 624 adnotata

201 673 382 770 reperies:
414 673 605 772 «Explicit
631 671 763 748 auxilio
790 674 859 748 Dei
889 677 1149 748 sacrosanctum
1175 693 1280 744 evan-

202 791 346 890 gelium,
365 793 457 890 quod
475 817 521 866 ex
538 800 688 891 quatuor
713 793 908 890 evangeliis
935 791 1077 888 collegit
1098 774 1307 882 'setianus‘

203 912 368 1008 quodque
385 911 615 986 Diatessaron
627 912 736 1008 vulgo
754 913 881 986 dieitur
895 951 922 986 a.
941 909 1043 984 Istud
1060 932 1147 1006 opus
1165 903 1281 981 Aker-
1598 977 1599 1004 ζ

204 1029 323 1102 bladio
336 1029 455 1126 judice
473 1031 591 1128 (apud
604 1031 689 1104 Keil
707 1037 742 1103 et
758 1029 963 1135 Taphirner,
981 1027 1154 1100 Analecta
1172 1023 1280 1098 studii
1356 999 1423 1164 As
1538 1065 1540 1074 ι

204 1144 405 1240 theologiae
432 1147 634 1248 exegeticus
652 1147 701 1240 II,
719 1147 749 1240 I,
767 1172 800 1243 p.
818 1148 888 1219 184
903 1146 1001 1244 sqq.)
1018 1146 1092 1219 fere
1111 1145 1204 1217 idem
1227 1147 1283 1215 est

204 1269 310 1358 atque
338 1264 564 1360 evangelium
583 1288 604 1337 a
621 1264 764 1338 Victore
784 1263 925 1362 Capuae
953 1263 1116 1361 episcopo
1143 1260 1281 1334 saeculo

205 1389 308 1454 sexto
324 1380 506 1455 inventum
520 1389 555 1454 et
571 1383 609 1456 in
628 1405 825 1455 sermonem
842 1381 991 1455 latinum
1008 1379 1229 1454 translatum.

306 1499 406 1574 Haeo
423 1508 506 1572 sunt
522 1500 723 1573 testimonia
740 1501 962 1598 antiquorum
977 1500 1021 1574 de
1038 1497 1179 1573 Tatiani
1197 1495 1282 1569 Dia-

202 1623 374 1714 tessaron,
391 1620 513 1717 paucis
540 1619 620 1693 aliis
646 1620 792 1694 minoris
819 1620 986 1694 momenti
1012 1617 1161 1710 omissis,
1193 1639 1282 1713 quae

202 1744 344 1832 praeter
360 1739 447 1810 haec
466 1738 613 1813 Carolus
629 1739 788 1813 Semisoh
805 1739 843 1810 in
861 1762 925 1810 sua
941 1735 1186 1811 dissertatione
1207 1756 1221 1791 s
1239 1733 1284 1805 de

207 1855 594 1932 Tatiani-Diatessaron
612 1895 627 1932 a
647 1856 684 1928 iu
702 1855 854 1929 medium
873 1855 1030 1952 protulit.
1058 1853 1193 1943 Quibus
1211 1875 1284 1925 om-

204 1972 308 2046 nibus
327 1975 546 2071 eompar'atis,
564 1997 629 2072 pro
648 1982 743 2049 certo
762 1979 910 2066 constat,
937 1973 1125 2046 Tatianum
1152 1970 1284 2044 saeculi

203 2093 349 2164 secundi
378 2094 671 2198 haeresiarcham,
690 2116 735 2166 ex
766 2099 916 2190 quatuor
948 2093 1142 2189 evangeliis
1175 2115 1284 2165 unum

202 2211 453 2306 composuisse,
479 2212 536 2284 cui
562 2235 691 2285 nomen
718 2211 948 2284 Diatessaron
973 2210 1123 2283 inditum
1151 2218 1214 2284 est.
1240 2210 1285 2282 ln

204 2325 272 2398 hoc
289 2351 396 2425 opere
414 2331 492 2427 ipsa
509 2334 619 2406 verba
637 2356 663 2404 s.
678 2331 955 2426 Evangeliorum
973 2335 1136 2403 contenta
1165 2330 1286 2422 fuisse,

202 2465 252 2516 ex
281 2441 399 2521 verbis
430 2447 578 2524 Eusebii
595 2456 630 2522 et
660 2449 884 2542 Theodoreti,
902 2448 1106 2546 praecipue·
1122 2471 1206 2522 vero
1240 2471 1286 2518 ex

205 2567 464 2674 comparatione
483 2592 561 2642 cum
582 2567 840 2642 Concordantia
858 2567 1121 2664 evangeliorum
1139 2567 1182 2638 ab
1201 2565 1287 2637 Am·

206 2681 325 2754 monio
343 2686 500 2760 confecta
512 2687 605 2762 clare
624 2687 746 2784 liquet.
765 2685 858 2760 Dein
872 2709 918 2759 ex
935 2685 1053 2761 verbis
1075 2681 1288 2758 Theodoreti

206 2799 385 2895 discimus,
403 2807 440 2878 in
466 2807 696 2880 Diatessaron
720 2803 860 2878 Tatiani
889 2804 1115 2901 genealogias
1142 2809 1178 2874 et
1203 2801 1287 2874 reli·

207 2942 290 3014 qua,
308 2944 397 3017 quae
415 2921 603 2994 Dominum
622 2945 667 2993 ex
695 2921 827 2993 semine
859 2919 976 2993 David
993 2917 1184 2993 seeundum
1211 2940 1288 2989 oar-

209 3061 292 3110 nem
310 3047 425 3113 ortum
443 3041 695 3131 demonstrant,
714 3039 845 3112 omissa
862 3063 949 3112 esse.
980 3039 1081 3111 Idem
1111 3035 1287 3109 Eusebius

214 3155 371 3228 indicare
394 3155 535 3229 videtur
564 3156 705 3234 dicens:
727 3153 930 3228 sTatianus
949 3153 1235 3250 compositionem
1254 3156 1289 3222 et

213 3272 468 3367 collectionem,
507 3273 667 3346 neseio
706 3296 792 3369 quo
816 3273 973 3366 modo,
1013 3270 1289 3366 Evangeliorum

213 3391 395 3463 contexuit
412 3431 441 3466 a.
485 3390 598 3466 Porro
638 3389 879 3464 Theodoretus
906 3395 942 3461 et
982 3387 1172 3485 scriptores
1209 3390 1290 3485 Syri

211 3507 311 3580 nobis
331 3509 582 3603 referentum
602 3507 747 3580 ‘Tatiani
775 3531 881 3605 opere
908 3529 979 3579 non
1009 3505 1103 3579 solos
1129 3504 1289 3579 Enerati-

213 3631 279 3718 tas,
299 3632 415 3699 sectae
435 3627 510 3722 ejus
539 3624 706 3718 asseclas,
726 3625 842 3697 sedet
873 3624 1063 3698 catholicae
1081 3623 1162 3696 lidei
1181 3629 1290 3695 secta-

212 3751 318 3838 tores,
337 3743 527 3840 praecipue
557 3741 594 3813 in
625 3739 729 3835 Syria
747 3747 783 3811 et
814 3737 1081 3836 Mesopotamia,
1100 3761 1182 3810 usos
1201 3759 1290 3809 esse.

315 3863 414 3950 Quae
431 3859 549 3933 omnia
566 3865 689 3930 exacte
707 3856 919 3931 conveniunt
937 3855 1136 3928 testimonio
1154 3855 1289 3950 Diony·

211 3977 256 4052 sii
273 3979 451 4052 Barsalibi
490 3977 649 4070 dicentis,
669 4001 695 4048 s.
726 3975 965 4072 Ephraemum
995 3973 1033 4044 in
1062 3972 1291 4046 Diatessaron

211 4097 352 4170 Tatiani
371 4095 657 4170 commentarium
675 4093 876 4189 confecisse,
896 4093 938 4166 de
958 4115 1026 4190 quo
1048 4091 1122 4190 jam
1148 4087 1291 4168 uberius

212 4216 314 4292 nobis
332 4215 576 4292 disserendum
595 4221 659 4289 est.
