3256 5012
333 451 507 524 Dominus
524 449 692 548 loquutus
712 455 777 544 est,
794 449 878 546 quia
895 471 976 520 eum
994 447 1258 546 interrogarunt
1280 453 1316 520 et
1334 448 1421 522 'effe-

333 553 392 648 cit,
411 559 451 628 ut
466 553 680 628 vestimenta
698 576 819 626 eorum
837 551 1084 624 scinderentur
1096 552 1119 624 ¹.
1139 552 1195 625 Elt
1218 575 1420 650 sumpse-

267 676 268 680 ’
334 659 444 729 runt
470 661 515 728 et
541 655 780 729 duxerunt
807 678 904 726 eum
932 654 985 726 ad
1012 653 1257 728 tribunal²
1277 661 1322 726 et
1352 654 1421 727 de-

335 757 506 831 derunt
531 757 577 829 in
603 756 943 850 manusPilati,
963 761 1008 828 et
1035 757 1131 854 ipsi
1157 778 1247 828 non
1278 757 1420 830 intra-

299 857 446 934 .r‘unt
484 860 531 933 in
569 859 808 934 interiora
846 860 894 932 in
920 857 1093 954 aulam,
1119 883 1174 931 no
1202 860 1420 931 contami-

334 961 577 1056 narentur,
596 969 645 1035 ut
670 963 803 1059 prius
823 962 1020 1034 ederent
1039 985 1206 1059 agnum
1223 962 1270 1033 in
1293 985 1417 1034 sanc-

335 1059 491 1139 titate.
519 1067 550 1140 0
569 1065 776 1140 Pharisaei!
796 1087 876 1136 ecce
905 1064 1077 1138 audistis:
1100 1065 1203 1138 «Hie
1232 1071 1287 1137 est
1308 1087 1422 1160 agnus

334 1166 415 1261 Dei,
432 1167 490 1241 hic
508 1175 573 1261 est,
591 1169 653 1264 qui
679 1191 744 1240 sua
763 1167 1006 1241 immolatione
1032 1167 1128 1241 tollit
1153 1173 1298 1264 peccato
1322 1183 1424 1239 mun-

336 1270 422 1365 dis,
441 1271 526 1367 quid
545 1293 630 1366 ergo
647 1291 793 1344 necesse
813 1277 900 1364 erat,
918 1277 969 1364 ut,
987 1271 1129 1365 quodie
1151 1293 1267 1366 agnus
1277 1276 1423 1343 ¹vestrae

336 1373 544 1447 salvationis
579 1371 839 1466 immolabatur,
866 1381 1009 1446 nostrae
1048 1395 1187 1472 quoque
1220 1369 1425 1447 salvationis

336 1489 451 1570 agnus
478 1475 722 1548 mactaretur?

352 1587 353 1590 ’
441 1579 614 1652 Dominus
632 1577 797 1653 defensor
814 1577 928 1650 factus
959 1585 1015 1652 est
1030 1577 1193 1654 veritatis
1215 1584 1251 1649 et
1272 1575 1373 1650 venit
1390 1583 1427 1680 et

338 1681 448 1754 tacuit
466 1688 547 1753 ante
565 1679 734 1776 Pilatum,
752 1681 836 1776 quia
851 1681 985 1754 veritas
1003 1681 1269 1778 opprimebatur
1282 1678 1308 1752 ³.
1327 1679 1426 1752 Siout
1454 1683 1458 1691 '

337 1783 401 1856 alii
421 1806 486 1880 per
513 1782 736 1880 defensiones
754 1783 940 1856 victoriam
966 1790 1160 1880 reportant,
1177 1783 1228 1856 ita
1252 1781 1426 1855 Dominus

337 1909 403 1984 per
430 1885 611 1958 silentium
637 1909 740 1958 suum
766 1885 881 1958 victor
915 1886 1099 1979 discessit,
1130 1886 1214 1981 quia
1243 1885 1427 1977 tributum,

338 1988 433 2084 quod
452 1987 610 2062 divinum
629 1987 705 2084 ejus
732 1987 913 2088 silentium
939 1991 1155 2080 merebatur,
1176 1987 1326 2062 victoria
1352 1992 1428 2060 erat

338 2114 445 2166 verae
472 2090 651 2163 doctrinae
665 2087 692 2161 ’ἢ
718 2091 763 2164 In
791 2091 952 2164 doctrina
976 2091 1198 2187 loquebatur,
1225 2091 1264 2163 in
1292 2087 1435 2190 judicic

338 2195 488 2268 tacebat.
506 2193 590 2265 Non
607 2196 746 2267 tacebat
764 2215 806 2265 ea
823 2193 952 2290 quibus
969 2217 1033 2266 nos
1051 2194 1303 2290 magnificabat
1316 2192 1343 2284 ³,
1360 2213 1428 2263 nec

338 2297 520 2392 pugnabat
537 2300 671 2368 'contra
687 2319 747 2368 eos
766 2297 827 2392 qui
854 2299 1123 2370 exacerbabant.
1146 2298 1268 2371 Verba
1294 2295 1426 2368 calum·

337 2397 514 2472 niatorum
542 2421 687 2470 suorum
704 2398 807 2492 quasi
824 2422 955 2487 corona
972 2398 1080 2496 capiti
1102 2399 1177 2494 ejus
1204 2399 1426 2482 redimeban-

339 2505 408 2574 tur.
428 2499 566 2592 Tacuit,
583 2506 624 2572 ut
650 2523 688 2571 se
713 2507 853 2572 tacente
871 2501 928 2573 illi
953 2501 1068 2596 magis
1094 2503 1368 2594 conclamarent,
1391 2504 1435 2584 et

339 2601 502 2674 omnibus
529 2601 585 2676 his
614 2602 761 2676 vocibus
796 2627 860 2676 sua
895 2626 1025 2676 corona
1059 2605 1216 2679 ornatior
1239 2605 1361 2679 lieret.
1389 2601 1431 2675 Si·

338 2703 434 2777 enim
459 2703 626 2800 loquutus
654 2711 759 2798 esset,
776 2705 841 2778 illa
859 2707 987 2799 studia,
1003 2703 1101 2803 {quae
1127 2708 1165 2780 in
1192 2731 1322 2782 corona
1349 2704 1425 2801 ejus

337 2807 554 2880 conficienda
570 2805 791 2902 laborabant,
809 2832 875 2881 sua
892 2809 1044 2882 veritate
1062 2811 1298 2884 conticescere
1323 2807 1424 2882 fecis·

260 2924 263 2930 '
338 2916 402 2983 set.
431 2908 723 2982 Condemnarunt
740 2935 831 3003 eum,
850 2911 935 3008 quia
950 2935 1075 2986 verum
1093 2913 1253 3009 dixerat,
1272 2911 1425 2986 sednon

337 3019 393 3086 est
410 3010 675 3106 condemnatus,
694 3013 778 3108 quia
803 3015 1048 3088 condemnatio
1070 3015 1220 3090 victoria
1245 3017 1322 3114 ejus
1348 3012 1424 3088 luit.

337 3115 439 3190 Nihil
457 3115 568 3210 igitur
586 3139 672 3206 eum,
692 3120 856 3212 urgebat,
874 3125 915 3190 ut
932 3117 984 3190 eis
1005 3119 1252 3214 persuadendo
1279 3123 1425 3215 respon-

339 3216 450 3294 deret.
468 3219 562 3291 Mori
588 3219 664 3315 ipse
687 3219 811 3314 voluit,
825 3226 861 3293 et
878 3221 1063 3316 responsio
1090 3222 1312 3296 obstaculum
1334 3243 1426 3294 mor-

337 3317 385 3392 tis
404 3320 481 3416 ejus
497 3321 633 3395 fuisset.
653 3320 791 3416 Tacuit,
810 3326 904 3419 quia,
923 3325 954 3395 si
971 3323 1139 3420 loquutus
1159 3332 1263 3419 esset,
1282 3323 1425 3397 mendc-

339 3420 432 3494 cium
463 3424 758 3516 coramvveritate
793 3427 869 3522 ejus
900 3449 973 3499 non
1002 3428 1177 3524 potuisset
1220 3427 1424 3501 consistere.

338 3523 477 3598 Tolle
504 3527 687 3601 anobis
715 3526 1011 3623 istum,tolle
1039 3555 1061 3603 a
1086 3527 1299 3626 'nobisad
1328 3527 1424 3602 Pila·

337 3633 411 3702 tum
439 3628 651 3708 clamabant.
675 3629 745 3708 Hic
762 3638 882 3706 autem
909 3633 1064 3707 secunda
1087 3639 1135 3706 et·
1148 3634 1256 3709 tertia
1277 3631 1354 3708 vice
1371 3653 1429 3706 re-

417 3905 444 3962 1.
465 3903 515 3962 Ad
529 3905 677 3964 verbum:
694 3920 708 3952 α
722 3908 755 3964 et
768 3906 858 3966 scidit
871 3909 1055 3970 vestimenta
1068 3927 1175 3970 eorum
1188 3940 1214 3973 n.

415 3983 444 4038 2.
465 3982 516 4040 Ad
528 3983 676 4042 verbum:
691 4009 710 4040 a
721 3983 760 4042 ad
775 3989 895 4060 portam
908 4017 934 4050 a·
1054 4001 1058 4009 '
1304 3987 1315 4002 '

417 4059 445 4116 3.
466 4060 515 4118 Ad
528 4059 657 4120 verbum
666 4063 758 4138 juxta
768 4063 910 4124 Aucher:
929 4065 994 4124 “Et
1004 4065 1099 4139 venit,
1109 4065 1216 4144 inquit,
1231 4065 1424 4127 silentiosae

338 4149 443 4194 corum
456 4136 557 4196 Pilato
572 4156 628 4216 pro
643 4140 775 4198 veritate
787 4139 933 4218 injuriata
943 4175 970 4207 a.
987 4145 1139 4221 “Inquits
1162 4145 1251 4204 deest
1266 4143 1298 4203 in
1315 4144 1382 4204 cod.
1389 4144 1425 4202 B.

417 4215 446 4271 4.
467 4215 593 4274 Aucher
605 4218 703 4278 rerba
715 4219 822 4278 textus
838 4221 881 4280 sic
895 4222 1014 4283 reddit:
1032 4221 1206 4294 “Quoniam
1220 4223 1364 4283 meritum
1383 4219 1428 4282 di·

340 4290 403 4350 cini
417 4291 531 4352 silentii
541 4293 671 4355 victoria
682 4299 833 4357 estserae
848 4299 1040 4365 doctrinaee.

413 4370 442 4430 5.
463 4371 513 4432 Sic
534 4371 565 4431 in
587 4375 653 4434 eod.
668 4375 703 4435 B.
723 4375 761 4435 Iu
776 4375 842 4440 cod.
858 4378 905 4440 A:
921 4398 999 4458 quae
1013 4399 1070 4442 uos
1083 4378 1321 4460 magnificabant
1332 4407 1358 4444 a.
