3218 5026
342 343 386 416 18

340 473 456 562 Quum
475 473 590 546 Maria
607 473 644 545 in
661 473 864 548 abscondito
892 473 960 550 sibi
991 474 1085 546 dicta
1101 471 1146 544 ad
1162 468 1347 550 Elisabeth
1365 497 1422 547 re·

338 576 479 650 tulisset
506 583 541 648 et
565 577 652 650 haec
678 577 732 649 illi
760 577 1004 674 congratulata
1020 585 1124 670 esset,
1142 579 1235 673 quod
1251 578 1420 652 credidis-

339 688 394 753 set
419 689 455 752 et
479 679 733 777 perficerentur
759 705 801 753 ea
827 707 916 778 quae
932 683 1125 780 prophetae
1152 705 1342 778 eorumque
1369 681 1422 753 di-

340 784 467 881 scipuli
485 784 677 880 audissent,
702 793 787 858 tune
804 785 920 858 Maria
944 785 1096 858 fructum
1123 808 1244 858 eorum
1270 808 1360 882 quae
1378 787 1422 858 ab

339 889 466 983 angelo
485 895 521 960 et
538 891 582 961 ab
598 887 784 964 Elisabeth
809 889 980 984 audierat,
1008 888 1164 962 suaviter
1189 889 1345 986 protulit,
1362 895 1420 960 et:

338 990 523 1087 Magnis
532 992 636 1084 icat,
654 993 779 1090 inquit,
806 993 957 1074 anima
981 993 1420 1066 meaDominumetc.

338 1093 468 1168 Verbis
494 1096 700 1170 Elisabeth:
731 1119 746 1154 t<
762 1097 875 1168 Beata
899 1121 989 1192 quae
1005 1095 1155 1168 credidit
1171 1136 1200 1190 a,
1225 1095 1342 1169 Maria
1358 1119 1424 1168 sua

276 1193 278 1198 ’
337 1200 448 1271 verba
465 1199 648 1296 opposuit:
675 1201 867 1272 Beatam
892 1200 1144 1272 medicent
1170 1223 1325 1272 omnes
1351 1222 1421 1294 ge·

339 1303 589 1375 uenatione
601 1327 627 1374 s.
645 1305 724 1377 Hoc
740 1303 850 1399 igitur
867 1311 1026 1401 tempore
1045 1303 1153 1376 ethis
1171 1303 1290 1377 verbis
1307 1301 1423 1374 Maria

339 1429 470 1478 novum
488 1429 638 1502 regnum
651 1408 855 1505 praedicare
869 1408 994 1504 coepit.
1007 1407 1096 1480 Post
1107 1414 1181 1480 tres
1194 1412 1313 1480 autem
1324 1428 1422 1478 men-

341 1533 397 1581 ses
414 1509 452 1581 in
470 1509 611 1582 domum
629 1535 729 1583 suam
745 1535 890 1584 reversa
907 1512 1039 1584 esthac
1052 1534 1097 1584 ex
1110 1535 1225 1604 causa,
1243 1533 1288 1583 ne
1301 1509 1423 1582 Domi-

340 1637 408 1685 nus
426 1621 507 1685 ante
527 1638 668 1686 servum
686 1616 788 1687 suum
807 1615 908 1711 quasi
924 1613 1077 1688 famulus
1096 1621 1216 1688 staret.
1242 1616 1361 1710 Atque
1378 1612 1425 1698 ad

339 1717 456 1789 virum
474 1741 576 1790 suum
594 1717 703 1812 venit,
717 1725 839 1812 utres,
857 1719 1029 1816 quomodo
1048 1742 1086 1792 se
1102 1719 1260 1810 haberet,
1280 1715 1425 1814 patefie-

339 1827 413 1916 ret3
429 1823 460 1893 si
476 1821 570 1892 enim
586 1823 777 1894 humanum
794 1823 926 1896 foetum
942 1823 980 1894 in
996 1830 1097 1896 utero
1110 1828 1297 1920 portasset,
1315 1820 1425 1916 tugis-

343 1931 396 1997 'set
413 1925 531 2022 potius
550 1925 659 1998 avire
677 1949 750 1998 suo.
1010 1985 1011 1988 ,

442 2027 613 2124 Concepit
627 2027 813 2104 Elisabeth
829 2054 951 2103 mense
969 2030 1091 2104 bahmi
1105 2030 1130 2124 ¹,
1147 2034 1334 2127 postquam
1358 2025 1423 2100 Za-

340 2132 477 2207 charias
495 2131 570 2204 dies
587 2131 776 2206 ministerii
793 2142 829 2206 et
846 2133 952 2206 officii
978 2133 1034 2206 sui
1059 2133 1256 2230 complevit.
1274 2135 1424 2206 Annun-

340 2236 443 2308 ciatio
455 2234 591 2307 Mariae
610 2237 728 2309 evenit
745 2239 880 2310 decimo
893 2238 950 2310 die
963 2237 1095 2310 mensis
1108 2235 1244 2330 Arake,
1259 2236 1349 2308 sicut
1361 2235 1425 2307 illa

338 2338 528 2412 Zachariae
546 2339 680 2410 decimo
699 2341 755 2412 die
773 2341 906 2414 mensis
923 2341 1014 2415 Hori
1027 2339 1053 2412 ³.
1076 2341 1177 2413 “Hic
1193 2340 1325 2412 mensis
1344 2361 1424 2412 sex·

339 2450 397 2514 tus
412 2449 466 2514 est
479 2441 534 2514 illi
547 2482 574 2516 η.
592 2444 671 2516 Lex
684 2445 875 2542 praecepit,
888 2453 928 2518 ut
941 2444 1075 2516 decimo
1088 2444 1145 2516 die
1158 2442 1290 2515 mensis
1298 2441 1424 2516 Arake

340 2545 562 2618 includerent
579 2571 710 2641 agnum
728 2549 970 2644 (paschalem).
995 2548 1132 2621 Eodem
1157 2546 1214 2618 die
1231 2569 1345 2641 agnus
1363 2569 1424 2618 ve-

338 2673 402 2722 rus
419 2649 457 2720 in
473 2656 574 2722 utero
591 2649 741 2745 virginis
757 2651 915 2724 inclusus
933 2659 998 2746 est,
1017 2675 1085 2746 quo
1100 2657 1259 2746 tempore
1279 2649 1344 2722 lux
1361 2637 1445 2745 po-'

342 2753 429 2826 titur
446 2753 606 2850 imperio,
634 2761 670 2825 et
686 2779 750 2850 per
768 2756 836 2828 hoc
853 2756 981 2849 docuit,
1008 2778 1046 2827 se
1063 2753 1215 2847 venisse,
1235 2760 1277 2826 ut
1292 2753 1423 2827 Adami

339 2857 535 2929 nuditatem
551 2859 734 2952 obtegeret
748 2857 773 2932 ⁵.
791 2860 907 2933 Natus
925 2866 980 2932 est
997 2865 1115 2932 autem
1132 2857 1189 2928 die
1208 2863 1309 2930 sexto
1325 2879 1424 2930 men-

339 2961 389 3034 sis
403 2959 536 3034 Ohaloz
546 2959 561 3006 ⁶
568 2961 675 3056 juxta
689 2961 862 3036 Graecam
887 2961 1193 3061 computationem,
1207 2984 1275 3057 quo
1287 2967 1423 3056 tempo-

339 3089 379 3139 re
397 3065 450 3138 sol
467 3066 608 3140 vincere
626 3065 759 3163 incipit,
777 3068 978 3162 ostendens,
997 3064 1175 3139 diabolum
1192 3065 1422 3154 victumesse

341 3176 377 3240 et
392 3168 570 3242 hominem
588 3169 715 3242 uicisse
731 3171 769 3242 in
785 3171 839 3245 Eo
857 3172 919 3266 qui
936 3171 1053 3243 omnia
1069 3168 1188 3242 vincit.

424 3351 451 3404 1.
471 3348 508 3404 In
522 3348 587 3406 eod.
601 3350 645 3408 B:
663 3364 676 3394 α
689 3349 796 3406 Mense
810 3347 981 3425 Septembri
990 3380 1017 3410 „-
1031 3347 1157 3406 Aucher
1170 3347 1279 3408 vertit:
1295 3347 1422 3407 “Sahmi

342 3424 482 3504 (Octobri
496 3429 547 3485 vel
559 3425 739 3502 Novembri)
753 3459 778 3489 a.
793 3428 843 3485 Ita
856 3428 888 3484 et
905 3428 1018 3486 mensis
1039 3425 1140 3484 Sahmi
1159 3427 1190 3486 in
1210 3427 1308 3487 lexico
1331 3426 1421 3486 Oich-

343 3504 422 3562 eiaki
434 3504 586 3564 definitur.
596 3507 633 3564 In
648 3507 823 3564 calendario
836 3505 1086 3583 Syriaco-codicis
1096 3506 1168 3564 Vat-
1182 3509 1217 3564 37
1229 3507 1305 3565 haec
1317 3506 1420 3581 legun-

341 3585 409 3641 tur:
424 3583 482 3640 Die
499 3586 536 3642 23
554 3585 740 3661 Septembris
758 3585 961 3644 Aurunciatio
975 3584 1140 3644 Zachariae
1154 3604 1233 3646 anno
1251 3585 1354 3662 solari,
1367 3603 1419 3644 an-

343 3681 383 3722 no
397 3665 499 3720 autem
512 3663 612 3721 lunari
626 3662 675 3720 die
691 3667 727 3722 10
742 3664 884 3722 Octobris
901 3689 925 3720 a.

419 3743 446 3798 2.
467 3741 541 3802 eod.
554 3744 579 3800 B
593 3741 705 3800 habet:
719 3742 776 3800 Die
791 3743 838 3800 25.
857 3759 870 3790 a
882 3741 985 3801 Martii
996 3773 1023 3804 „-
1043 3741 1103 3800 Sed
1115 3742 1293 3816 notandum,
1314 3761 1420 3803 nume-

339 3839 406 3878 rum
419 3837 513 3958 {Ullrd
525 3821 841 3958 rapurBsemDreclelrrtiori
854 3841 945 3961 magu
959 3823 1104 3956 steripkpum
1119 3839 1197 3880 esso.

440 3942 447 3956 .
517 3918 584 3959 co.
631 3920 638 3959 ε
681 3919 709 3958 re
764 3918 897 3960 .meus1s
929 3919 944 3958 e
982 3918 1028 3958 em
1051 3918 1103 3958 r1s.
1193 3944 1197 3955 .

345 3993 349 4000 ’
420 3982 450 4036 4·
470 3978 545 4038 θοὰ.
559 3980 584 4038 Β
596 3999 603 4036 :
621 3979 760 4037 “Mensis
774 3978 870 4038 Nisan
882 4011 908 4042 s.
923 3919 969 4038 Ol.
984 3978 1085 4055 Opera
1098 3997 1123 4037 s.
1141 3979 1304 4058 Ephraemi
1317 3979 1418 4054 syria-

342 4077 387 4131 ca,
400 4059 474 4114 tom.
487 4059 529 4116 H.
541 4073 611 4133 pag·
626 4059 683 4116 415
697 4058 732 4114 Β.

348 4139 350 4145 “
418 4136 448 4194 5.
467 4134 514 4194 Sc.
528 4152 583 4209 per
592 4137 672 4194 hunc
683 4140 789 4214 typum
801 4135 1025 4212 praefiguratus
1038 4153 1134 4211 agnus
1148 4153 1249 4212 verus,
1263 4138 1315 4214 qui
1330 4137 1416 4214 quasi

339 4215 437 4274 vellus
451 4215 539 4272 daret
552 4213 591 4270 ad
604 4215 765 4290 tegendam
779 4214 949 4272 nuditatem
962 4215 1080 4273 Adami.

419 4295 447 4351 6.
468 4291 582 4350 ehaloz
591 4294 684 4369 juxta
693 4296 893 4352 memoratum
906 4293 1029 4353 lexicon
1043 4292 1198 4352 mensrhus
1208 4294 1371 4354 Decembri
1385 4296 1417 4351 et

338 4371 483 4432 Ianuario
498 4373 650 4430 convenit.
664 4373 700 4431 In
715 4372 781 4432 cod·
797 4372 822 4430 B
841 4377 872 4431 et
892 4389 1036 4433 numerus
1057 4372 1116 4432 diei
1130 4377 1162 4431 et
1180 4390 1289 4434 nomen
1302 4372 1415 4432 mensis

342 4469 449 4512 erasus
463 4454 520 4510 est.
1413 4455 1414 4462 ’
