3218 5024
337 320 445 396 94.

337 439 445 541 coeno
470 470 593 522 eorum
618 445 814 519 foedantur.
844 445 1179 522 Tolerabilius
1210 445 1303 520 erit
1328 455 1418 520 ter·

337 568 415 625 rae
443 551 753 644 Sodomorum,
771 551 794 622 i.
813 573 843 623 e.
862 552 945 646 quia
962 551 1093 646 angeli,
1110 553 1171 649 qui
1189 552 1340 625 Sodoma
1356 575 1417 625 ve-

336 662 476 749 nerunt,
496 655 599 751 signa
615 655 872 748 non-fecerunt,
891 657 953 728 sed
971 679 1035 752 per
1058 657 1171 753 ipsam
1186 655 1418 728 Sodomorum
1518 661 1530 680 '
1555 677 1561 684 ·

337 750 461 831 urbem
479 761 544 832 toti
561 760 691 832 mundo
706 757 846 854 signum
861 758 1044 833 dederunt.
1058 761 1109 832 Hi
1121 759 1287 834 viderunt
1303 759 1417 853 signa,

339 871 379 932 ut
396 864 569 959 scriptum
587 873 664 936 est:
686 861 821 934 «Caeci
839 862 1005 936 viderunt
1022 903 1050 958 n,
1078 862 1141 936 sed
1168 862 1290 957 angeli
1308 863 1418 936 Sodo-

336 965 404 1038 mis
424 990 483 1040 eos
502 967 564 1062 qni
588 965 766 1060 viderunt,
784 988 905 1038 caecos
923 967 1092 1039 lecerunt.
1111 965 1348 1040 Tolerabilius
1363 990 1418 1037 er-

336 1091 381 1162 go
400 1071 468 1142 erit
485 1072 566 1143 urbi
584 1070 826 1164 Sodomorum,
854 1094 943 1165 quae
962 1071 1079 1144 omnia
1104 1070 1305 1167 hujusmodi
1322 1071 1417 1142 mala

335 1171 427 1246 fecit.
447 1174 559 1247 Porro
576 1174 656 1247 urbi
675 1174 868 1270 discipulos
880 1169 959 1270 ¹ejus
986 1198 1057 1246 non
1084 1173 1291 1270 suscipienti
1318 1197 1416 1248 seve·
1457 1219 1460 1224 -

336 1276 410 1348 rius
429 1278 497 1350 erit
509 1278 695 1375 judicium,
714 1302 820 1375 quam
837 1277 922 1371 illis,
940 1278 1023 1374 quia
1046 1279 1198 1351 Sodoma
1214 1278 1252 1350 in
1269 1277 1416 1375 angelos

337 1390 539 1476 peccarunt,
565 1384 652 1456 haec
668 1405 753 1456 vero
771 1385 868 1474 urbs,
896 1381 1087 1478 discipulos
1113 1406 1185 1455 non
1207 1383 1415 1478 suscipione,

338 1483 454 1557 Deum
472 1485 589 1582 ipsmn
607 1487 764 1582 spernit:
786 1509 801 1544 a
816 1484 885 1573 Qui
903 1509 966 1558 vos
985 1487 1131 1582 spernit,
1149 1485 1416 1582 mespe1·nit¹„.

64 1565 506 1684 bonoad-Estote
542 1613 653 1684 ergo
688 1590 968 1662 innocentes
1004 1596 1052 1661 ut
1088 1591 1341 1683 columbae,
1372 1597 1417 1662 et

338 1693 612 1787 prudentes,
639 1700 688 1766 ut
714 1701 976 1790 serpentes.
997 1693 1099 1782 Quod
1117 1693 1219 1766 dicit:
1241 1693 1416 1768 Cavete

337 1799 390 1870 ab
417 1797 696 1890 hominibus,
723 1798 760 1869 id
787 1804 851 1890 est,
876 1822 947 1870 non
964 1800 1009 1871 ab
1031 1796 1104 1870 illis
1121 1797 1339 1892 hominibus,
1355 1798 1416 1894 qui

333 1922 397 1972 vos
415 1901 566 1994 tradent,
586 1903 648 1974 sed
666 1903 710 1976 ab
728 1901 813 1996 illis,
831 1901 893 1996 qui
910 1901 1058 1975 veniunt
1084 1903 1129 1974 ad
1155 1925 1219 1975 vos
1245 1903 1283 1974 in
1308 1903 1416 1976 vesti·

331 2003 397 2076 bus
417 2004 542 2099 ovinis,
560 2005 656 2078 intus
675 2012 793 2077 autem
812 2012 894 2078 sunt
911 2004 989 2102 lupi
1006 2029 1163 2102 rapaces.

436 2109 489 2182 In
510 2134 642 2205 qnam
669 2109 1414 2184 civitatemintraveritisetnon

333 2213 639 2309 susceperint
668 2235 760 2306 vos,
786 2212 942 2309 fugite
977 2213 1086 2285 inde
1111 2214 1158 2284 in
1183 2213 1322 2286 aliam
1357 2213 1413 2284 ci·

331 2315 551 2408 vitatem3
587 2323 631 2389 et
666 2315 705 2388 si
739 2319 791 2389 ab
826 2317 910 2388 hac
939 2324 1293 2413 persequentur
1320 2340 1412 2410 vos,

327 2417 482 2515 fugite
510 2421 659 2492 denuo
685 2419 731 2491 in
758 2419 899 2491 aliam
925 2419 1183 2493 civitatem.
1212 2419 1315 2508 Quod
1341 2443 1413 2492 non

327 2521 373 2593 ad
390 2547 510 2595 omnes
528 2523 688 2596 homines
708 2523 878 2616 extendit,
900 2523 962 2594 sed
981 2523 1024 2594 de
1045 2523 1130 2596 solis
1149 2523 1241 2596 dixit
1259 2523 1413 2620 discipu-

327 2623 385 2720 lis,
403 2625 486 2724 qdia
502 2627 643 2698 initium
661 2632 738 2698 erat
763 2649 875 2699 novae
893 2625 1165 2722 praedicationis
1183 2634 1220 2699 et
1237 2625 1292 2721 illi
1309 2628 1413 2724 pauci

327 2738 429 2803 erant
446 2754 602 2804 numero.
627 2731 682 2802 Ne
701 2729 850 2802 forsitan
876 2737 997 2803 contra
1023 2753 1083 2803 eos
1110 2738 1411 2826 congregarentur

328 2839 365 2904 et
382 2834 572 2930 perderent
590 2833 633 2904 de
652 2840 749 2906 terra
765 2832 970 2905 memoriam
989 2857 1111 2906 eorum
1133 2841 1169 2906 et
1187 2834 1411 2930 evangelium

330 2937 405 3033 ejus
423 2937 461 3009 in
479 2939 644 3032 gentibus
672 2943 708 3008 et
733 2935 892 3009 doctrina
910 2943 946 3008 et
963 2937 1138 3010 institutio
1166 2939 1241 3035 ejus
1258 2937 1296 3009 in
1314 2960 1411 3009 crea-

328 3040 444 3115 turis²
461 3041 704 3137 impediretur,
722 3039 801 3112 ideo
820 3039 933 3113 dixit:
959 3039 1007 3114 Si
1029 3065 1084 3114 ex
1103 3042 1198 3114 ista
1214 3039 1410 3136 regione

328 3168 409 3218 vos
436 3144 644 3241 ejicient,
671 3143 826 3239 fugite
852 3144 900 3216 in
926 3143 1076 3242 aliam.
1101 3145 1139 3218 Si
1156 3143 1320 3240 Apostoli
1337 3167 1409 3217 non
1456 3209 1461 3215 .

325 3247 509 3343 fugissent,
527 3272 595 3344 qno
613 3255 772 3344 tempore
790 3247 990 3344 Stephanus
1008 3248 1242 3344 lapidabatur,
1268 3271 1312 3319 ne
1339 3247 1408 3344 ipsi

324 3351 467 3446 quidem
482 3351 693 3448 supplicium
707 3351 910 3424 evasissent.
924 3353 994 3425 Ast
1008 3351 1038 3424 si
1047 3351 1218 3424 Dominus
1232 3351 1269 3422 in
1283 3374 1413 3424 omnes¹

326 3455 574 3549 generationes
590 3455 656 3528 hoc
676 3479 777 3527 sunm
795 3455 999 3527 mandatnm
1017 3454 1246 3548 extendisset,
1260 3455 1339 3552 quis
1351 3454 1405 3527 in·

323 3559 516 3653 veniretur,
531 3558 593 3656 qni
609 3558 818 3655 martyrium
835 3565 981 3655 propter
994 3558 1112 3656 ipsum
1122 3558 1405 3632 subiretuPorro

322 3669 362 3735 ut
379 3663 592 3756 ostenderet,
611 3686 649 3736 se
667 3685 711 3735 ne
730 3659 922 3758 Apostolos
941 3663 1083 3758 quidem
1097 3687 1118 3734 a
1131 3663 1302 3759 martyrio
1320 3685 1403 3736 exe-

323 3767 441 3861 misse,
460 3767 585 3860 denuo,
603 3767 697 3862 quod
710 3768 799 3840 bene
817 3763 1009 3862 intelligas,
1025 3789 1084 3838 eos
1098 3766 1339 3860 inflammavit,
1357 3789 1403 3838 ne

323 3877 542 3944 terrerentur
570 3877 606 3943 et
631 3876 857 3967 angerentur,
883 3869 1022 3965 quando
1050 3870 1101 3942 eis
1128 3869 1243 3942 simile
1269 3869 1404 3967 aliquid

322 3975 508 4067 accideret,
526 3975 620 4069 quod
647 3975 697 4047 eis
716 3973 754 4045 in
771 3997 808 4061 se
834 3973 912 4069 ipso
930 3975 1150 4068 monstravit,
1177 3975 1315 4070 quando
1333 3998 1404 4046 non

325 4078 417 4174 fugit
444 4081 487 4151 ab
515 4078 566 4150 eis
594 4078 655 4174 qui
681 4102 763 4152 eum
788 4077 826 4149 in
853 4099 993 4150 crucem
1022 4078 1134 4152 acturi
1161 4085 1272 4172 erant,
1298 4076 1404 4174 idque

403 4333 432 4468 u.
453 4329 665 4472 diiatuiieli.
681 4409 699 4465 l.
715 4414 748 4470 ut
762 4410 802 4469 Μ.
818 4411 865 4486 16,
881 4409 917 4471 15
933 4427 1030 4486 genus
1043 4409 1207 4468 humanum
1222 4369 1380 4484 signifieat.
