3218 5024
1203 347 1250 418 93

167 477 331 566 staretur,
350 470 442 545 dona
460 471 592 546 datoris
620 471 675 545 sui
700 479 798 546 certa
824 495 903 552 esse
929 481 966 546 et
991 471 1119 546 fidelia.
1147 473 1247 550 Haec

165 578 258 648 enim
276 575 443 650 salutatio
461 577 557 672 apud
575 600 656 648 eum
673 583 760 670 erat,
777 576 838 672 qui
857 600 934 650 eam
949 576 1067 670 dabat,
1095 585 1132 650 et
1150 580 1246 675 apud

164 705 224 752 eos
242 680 306 774 qui
323 704 400 752 eam
414 680 644 776 accipiebant,
665 680 752 776 quin
769 680 987 754 minueretur
1010 689 1046 752 et
1064 705 1247 777 separare·

163 792 232 857 tur.
247 785 348 856 Haec
362 783 527 856 salutatio
542 784 766 856 manifestum
778 783 871 876 iecit,
885 783 1030 858 Patrem
1042 791 1170 858 natura
1183 811 1248 860 sua

163 888 261 983 apud
277 910 400 960 omnes
418 894 454 960 et
471 886 508 958 in
526 888 688 962 omnibus
706 910 795 981 esse,
810 895 845 959 et
859 887 1061 982 declaravit,
1075 889 1207 962 Filium
1225 915 1247 964 a

161 991 271 1064 Patre
285 991 443 1084 missum,
457 998 614 1064 ettotum
623 1014 700 1064 esse
711 991 806 1087 apud
822 1013 955 1084 omnes,
969 998 1005 1064 et
1023 991 1128 1064 finem
1142 1016 1245 1066 suum
1327 1013 1329 1022 ’

161 1095 259 1192 apud
275 1095 431 1167 Patrem.
450 1093 625 1182 Quoniam
643 1100 762 1166 autem
780 1093 895 1167 Filius
914 1094 1031 1191 imago
1045 1102 1099 1168 est
1113 1095 1244 1190 Patris,

160 1222 355 1294 numquam
371 1197 524 1270 cessavit
541 1193 757 1296 praedicare,
777 1221 843 1270 nec
860 1199 1016 1272 docendo
1033 1198 1246 1295 defatigatus

161 1309 229 1395 est,
256 1303 367 1374 donec
393 1301 528 1396 figurae
564 1302 715 1398 typicae,
741 1304 847 1376 rebus
882 1301 970 1398 ipsis
1000 1298 1246 1399 implerentur,

160 1407 337 1501 imagines
354 1429 419 1502 per
436 1406 623 1479 veritatem
640 1405 747 1478 finem
772 1405 982 1502 acciperent,
1009 1404 1247 1482 adumbratio-

162 1533 228 1582 nes
255 1511 333 1607 ipso
360 1532 506 1606 corpore
534 1509 781 1584 sufficerentur
799 1515 835 1582 et
852 1509 970 1582 omnia
994 1512 1166 1605 mysteria
1182 1536 1246 1608 per

159 1637 283 1686 veram
309 1613 669 1710 repraesentationem
687 1636 841 1708 emensa,
868 1613 1013 1686 definita
1030 1620 1065 1686 et
1086 1637 1246 1690 consum·

160 1725 261 1790 mata
279 1723 409 1790 essent.

264 1821 351 1894 Ideo
377 1822 526 1896 verbum
545 1819 680 1894 Christi
705 1819 743 1893 in
769 1820 961 1916 auditores,
987 1821 1049 1918 qui
1066 1821 1103 1894 id
1119 1846 1246 1920 capere

159 1933 324 2022 possunt,
352 1925 454 2021 quasi
481 1925 669 2020 coagulum
703 1925 889 2019 mittimus,
924 1949 993 2020 quo
1024 1936 1245 2023 separentur,

159 2029 224 2100 sed
240 2037 275 2101 et
288 2029 475 2122 uniantur,
490 2029 657 2102 nimirum
676 2036 886 2125 separentur
904 2035 940 2100 et
958 2029 1207 2126 disjungantur
1226 2057 1248 2104 a

158 2155 279 2206 massa
292 2133 402 2205 cruda
414 2132 547 2224 mundi,
557 2132 727 2206 uniantur
740 2139 859 2206 autem
870 2131 1005 2206 Christi
1018 2133 1079 2230 qui
1093 2157 1246 2207 commu-

160 2237 312 2309 nitatem
329 2235 497 2310 ecclesiae
515 2235 662 2332 colligit.
678 2235 747 2310 Cui
768 2259 898 2331 magna
914 2259 1054 2331 corona,
1080 2262 1248 2334 magnum

161 2363 304 2436 quoque
322 2348 500 2414 certamen
519 2363 598 2414 esse
616 2346 765 2438 oportet.
791 2340 893 2414 Licet
910 2339 947 2412 id
972 2342 1023 2414 ita
1049 2364 1086 2414 se
1107 2341 1246 2437 habeat,

161 2453 285 2516 tamen
303 2445 419 2539 gloria
436 2444 605 2518 victoriae
632 2467 712 2518 cum
738 2444 914 2542 parvitate
929 2444 1135 2519 certaminis
1153 2469 1245 2520 com-

160 2547 284 2646 parari
309 2548 442 2644 nequit.
471 2548 669 2622 Careamus
697 2555 828 2643 autem,
854 2572 899 2622 ne
918 2571 1018 2622 error
1036 2549 1183 2624 subdole
1201 2553 1247 2624 ad

161 2677 228 2725 nos
245 2653 356 2726 intret
374 2660 409 2724 et
423 2675 522 2725 arma
537 2659 662 2726 nostra
678 2652 813 2745 induat,
841 2653 925 2750 quia
940 2653 1066 2726 faciem
1084 2677 1184 2726 suam
1202 2656 1248 2728 ad

160 2779 286 2828 omnes
304 2755 440 2829 colores
457 2763 570 2832 mutat
587 2763 623 2828 et
641 2755 787 2830 calicem
807 2779 909 2830 suum
928 2757 1024 2830 omni
1042 2781 1172 2852 genere
1185 2783 1267 2856 po·¹

159 2866 218 2932 tus
237 2866 414 2956 temperat
429 2859 453 2931 ¹.
471 2860 547 2934 Nos
562 2859 757 2935 Christiani
769 2859 894 2934 Iudaei
908 2884 1029 2934 snmus
1047 2861 1085 2933 in
1101 2863 1247 2936 abscon-

160 2963 248 3056 dito,
265 2961 463 3036 circumcisi
477 2963 617 3060 spiritu,
633 2963 810 3039 benedicti
823 2987 887 3061 per
900 2964 1205 3060 regenerationem
1219 2964 1247 3060 ²,

162 3071 200 3138 et
216 3091 282 3163 per
301 3067 511 3162 sanguinem
530 3067 725 3142 Christiani
739 3074 774 3140 et
787 3090 851 3164 per
870 3069 1088 3141 sanationem
1105 3067 1247 3166 integra

164 3170 371 3246 valetndine
389 3171 595 3266 gaudentes.
1308 3165 1311 3174 ’

268 3273 512 3348 Discutite
555 3276 800 3372 pulverem
853 3265 1244 3373 pedum'vestro-

162 3403 272 3472 rum,
288 3386 330 3452 ut
346 3379 513 3472 indicent,
526 3378 644 3452 Deum
661 3379 704 3452 de
722 3378 794 3452 illis
811 3378 1003 3453 vindictam
1021 3386 1244 3477 sumpturum

160 3504 253 3576 esse,
272 3483 356 3579 quia
373 3490 409 3556 et
426 3483 621 3581 pulverem,
639 3483 701 3580 qui
714 3483 765 3555 eis
780 3507 826 3555 ex
842 3483 901 3558 via
919 3483 1089 3577 adhaesit,
1107 3484 1145 3556 in
1161 3484 1243 3577 illos

159 3587 337 3684 rejiciunt,
356 3589 450 3661 unde
467 3593 691 3683 cognoscant,
716 3587 780 3660 hos
807 3611 875 3684 per
894 3587 988 3662 viam
1007 3609 1128 3662 eorum
1145 3595 1242 3664 tran-

159 3698 304 3765 seuntes
321 3692 367 3766 ad
385 3675 671 3768 eosheversuros
690 3713 769 3764 esse
782 3689 808 3765 ⁵.
836 3691 906 3781 Qui
926 3690 1110 3788 pulverem
1126 3693 1241 3789 justo·

160 3819 241 3868 rum
259 3795 453 3870 remissum*
465 3795 653 3892 accipiunt,
670 3795 740 3868 nisi
758 3801 1020 3889 convertantur,
1047 3796 1239 3870 vindictam

160 3922 301 3997 quoque
326 3905 508 3974 merentur
533 3899 724 3996 justorum,
751 3901 813 3996 qui
839 3899 997 3998 pulvere,
1023 3922 1094 3972 non
1120 3905 1256 3976 autem.

240 4134 268 4188 1.
288 4132 337 4190 Ita
350 4131 538 4208 probabilius
548 4135 641 4210 juxta
657 4134 725 4194 cod.
739 4135 773 4192 Β.
787 4134 967 4194 Lectiouem
988 4133 1055 4194 cod·
1068 4136 1097 4194 A
1121 4136 1152 4194 et
1170 4141 1238 4196 tex·

160 4215 211 4300 tus
224 4210 366 4288 impressi
378 4212 503 4272 Aucher
516 4214 610 4271 vertit
621 4235 629 4272 ι
642 4214 681 4272 Et
694 4214 778 4272 lavat
792 4214 916 4273 calicem
935 4231 1023 4273 snum
1038 4216 1155 4276 cunctis
1168 4235 1237 4294 par-

162 4291 269 4426 nbusd.
289 4368 339 4428 Ad
352 4367 499 4429 verbum:
514 4371 573 4429 Per
586 4371 786 4431 nativitatem.
900 4371 902 4376 ’

242 4450 269 4504 3.
289 4447 438 4507 Nimirum
452 4453 604 4526 tamquam
615 4450 744 4528 judices.
