3218 5026
331 293 380 366 24

332 423 533 521 originalia,
548 423 677 521 quibus
688 423 754 496 filii
763 423 801 496 in
811 421 992 496 doloribus
1008 429 1044 498 et
1054 421 1256 497 maledictis
1274 423 1420 522 pariun-

332 537 402 602 tur.
430 529 529 618 Quae
556 530 593 600 in
619 529 677 602 his
705 528 887 602 doloribus
916 527 1022 625 parit,
1049 551 1121 600 non
1148 536 1268 625 potest
1296 530 1419 602 vocari

333 633 531 706 benedicta.
560 633 631 706 seo
653 633 745 706 sicut
763 633 938 705 Dominus
961 633 1112 706 intrarit
1138 633 1250 730 portis
1271 633 1416 728 clausis,

332 739 457 809 eodem
474 737 580 810 modo
608 762 654 810 ex
681 743 784 810 utero
801 735 973 832 virginali
988 737 1088 830 exiit,
1106 737 1190 833 quia
1207 737 1296 809 haec
1313 737 1418 832 uirgo

333 841 410 914 sine
428 848 554 936 partus
573 841 757 915 doloribus
772 840 919 912 realiter
934 848 970 913 11
982 865 1068 936 vere
1086 840 1237 938 peperit.
1258 841 1297 913 Si
1310 865 1418 937 prop-

332 953 388 1018 ter
405 945 485 1018 Noe
503 945 640 1019 bestiae
660 951 779 1018 castae
796 945 808 990 ¹
837 952 873 1016 et
899 953 1106 1018 mansuetae
1133 945 1247 1020 factae
1279 945 1419 1018 suntin

331 1073 425 1148 arca,
444 1050 564 1122 decuit
578 1051 684 1122 etiarn
712 1047 891 1144 virginem
906 1051 1117 1146 apropheta
1129 1045 1362 1146 praedictam,
1380 1049 1419 1122 in
1510 1043 1550 1111 ’.
1600 1061 1601 1118 J

331 1178 402 1250 qua
431 1153 609 1226 Emanuel
629 1153 817 1248 habitavit,
845 1153 890 1226 ad
909 1154 1124 1227 connubium
1144 1177 1216 1226 non
1235 1155 1416 1226 accedere.

282 1313 286 1338 .
330 1255 475 1331 Bestiae
492 1259 571 1332 Noe
590 1283 636 1330 111
653 1259 849 1331 necesitate
864 1257 901 1328 id
914 1257 1087 1352 fecerunt,
1101 1256 1219 1330 Maria
1232 1281 1280 1331 ex
1292 1259 1418 1331 volun-

335 1369 420 1435 tate.
441 1361 541 1434 Sicut
568 1363 729 1460 concepit
746 1363 785 1436 in
801 1361 971 1459 puritate,
997 1363 1049 1435 ita
1071 1364 1108 1436 in
1129 1362 1318 1435 sanctitate
1337 1387 1418 1460 per·

336 1466 479 1538 mansit.
876 1458 879 1465 ’

435 1569 474 1644 Si
493 1567 558 1642 filii
571 1567 738 1662 Aaronis,
757 1569 842 1664 quia
859 1569 979 1665 ignem
997 1567 1185 1666 profanum
1203 1569 1414 1664 inferebant,

334 1673 442 1746 occisi
461 1679 554 1765 sunt,
572 1674 714 1768 quantis
733 1673 857 1769 poenis
878 1681 914 1745 et
931 1674 1002 1745 ista
1027 1672 1155 1746 affecta
1174 1673 1301 1746 essct?
1318 1673 1366 1748 Et
1385 1675 1416 1747 si

330 1773 393 1849 lex
419 1777 677 1850 mercatoribus
704 1800 833 1872 aquam
858 1778 941 1850 rino
971 1777 1254 1850 immisoentibus
1281 1801 1416 1874 poenas

330 1881 466 1974 indicit,
484 1887 615 1978 quanto
633 1880 748 1975 magis
767 1888 803 1952 et
820 1881 880 1953 hlc
902 1881 1082 1952 sententia
1100 1881 1336 1954 damnationis
1360 1907 1415 1955 se·

330 1992 443 2081 quuta
473 1990 579 2057 esset.
600 1983 639 2056 Si
657 1992 775 2056 autem
798 1991 990 2082 propterea
1014 1985 1109 2082 quod
1135 1987 1280 2082 quidam
1309 1987 1416 2058 disci-

329 2089 407 2185 puli
432 2089 561 2161 fratres
580 2088 725 2160 Domini
742 2089 981 2182 nominantur,
1001 2089 1218 2184 existimant,
1237 2090 1302 2162 hos
1321 2090 1414 2164 filios

328 2191 440 2266 fuisse
458 2189 608 2286 Mariae,
628 2191 754 2286 sciant,
769 2193 864 2288 quod
878 2199 914 2264 et
926 2193 1003 2288 ipse
1024 2192 1191 2265 Christus
1210 2194 1415 2290 appellatus

331 2304 388 2370 111
405 2297 500 2370 filius
518 2296 675 2392 Iosephi,
693 2319 765 2368 non
787 2296 903 2368 solum
920 2296 1109 2390 aIudaeis,
1128 2297 1191 2368 sed
1210 2305 1246 2370 et
1265 2297 1417 2372 aMaria
1475 2385 1478 2392 ,

329 2408 444 2473 matre
471 2401 559 2497 ejus.
587 2423 605 2473 s
622 2400 716 2472 Ecce
744 2423 822 2495 ego,
849 2399 911 2493 ait,
939 2407 975 2470 et
997 2406 1100 2496 pater
1127 2407 1209 2473 tuus
1237 2401 1361 2474 tristes
1381 2410 1418 2476 11

331 2505 433 2577 anxii
450 2504 710 2577 circumeuntes
728 2505 987 2600 quaerebamus
1006 2510 1041 2592 11
1056 2502 1106 2578 ²».
1135 2503 1238 2593 Quod
1265 2507 1417 2602 angelus
1504 2582 1510 2594 ,

331 2607 527 2705 Iosephum
539 2608 650 2705 jussit
667 2607 821 2681 Mariam
837 2631 987 2680 uxorem
1006 2605 1179 2704 accipere,
1199 2610 1331 2684 lactum
1350 2618 1417 2706 111,

330 2717 372 2782 ut
395 2711 634 2808 suspicionem
648 2735 695 2784 ex
707 2711 886 2784 mentibus
909 2712 1113 2808 expelleret
1127 2735 1248 2786 eorum
1263 2714 1324 2811 qui
1339 2739 1418 2790 eam

330 2815 582 2888 calumniaturi
609 2822 741 2910 essent,
767 2815 922 2887 maxime
956 2823 1088 2910 autem,
1115 2822 1156 2888 ut
1181 2817 1313 2915 Ioseph
1338 2842 1417 2892 eam

331 2919 540 3013 custodiret,
552 2943 598 2993 ne
612 2921 656 2992 ab
672 2919 723 2992 eis
742 2918 804 3016 qui
827 2918 871 2991 de
894 2919 1023 3014 angelo
1037 2927 1185 3017 propter
1209 2929 1417 3020 conceptum

331 3023 570 3122 suspicionem
600 3023 791 3116 habebant,
818 3022 1051 3097 occideretur.
1083 3023 1257 3120 Magnum
1283 3027 1416 3124 quippe

332 3128 540 3201 scandalum
558 3127 609 3200 eis
629 3135 706 3200 erat
723 3126 875 3222 virginis
893 3135 1031 3224 partus,
1059 3129 1142 3225 quia
1168 3129 1361 3204 credebant
1379 3138 1416 3204 et

333 3231 504 3326 sciebant,
521 3231 560 3304 in
578 3231 654 3329 ejus
673 3237 780 3329 partu
797 3232 924 3304 urbem
944 3231 1105 3329 ipsorum
1129 3231 1288 3306 dirutum
1306 3241 1342 3307 et
1360 3259 1416 3309 sa-

333 3336 531 3409 cerdotium
549 3340 585 3407 et
601 3333 779 3430 regnum³
794 3334 976 3409 sublatum
992 3335 1048 3408 iri.
1062 3335 1199 3409 Idcirco
1213 3337 1320 3410 etiam
1333 3365 1415 3436 pro·

289 3459 294 3468 ·
333 3440 478 3536 phetam
502 3437 635 3511 Isaiam
661 3439 878 3530 occiderunt,
905 3439 989 3536 quia
1013 3439 1191 3534 virginem
1217 3443 1415 3539 parituram

334 3541 444 3616 11111
463 3541 751 3616 annunciaverat.
769 3542 884 3638 Virgo
903 3542 1023 3639 itaque
1040 3544 1181 3640 peperit
1198 3547 1415 3643 primogeni-

334 3652 411 3720 tum
431 3653 468 3720 11
485 3645 674 3742 virginitas
694 3647 770 3744 ejus
788 3646 932 3742 integra
958 3653 994 3719 et
1020 3647 1193 3720 inviolata
1207 3653 1415 3748 permansit.

415 3868 442 3924 1.
461 3867 498 3926 In
512 3864 579 3926 cod.
593 3867 830 3945 Βι111111111».
844 3865 904 3926 Sed
916 3865 1008 3926 lectio
1023 3867 1128 3927 111111
1142 3872 1333 3931 accurratius
1347 3891 1418 3932 con-

263 3973 267 3992 ·
336 3946 426 4005 sonat
441 3964 508 4004 cum
523 3946 727 4022 explicatione
744 3946 939 4024 sEphraemi
949 3946 987 4004 de
997 3963 1070 4006 arca
1081 3947 1159 4008 Noe.
1174 3948 1220 4010 of.
1239 3951 1340 4031 Opera
1350 3953 1417 4031 ejus

338 4024 405 4102 Syr.
416 4023 489 4084 tom.
503 4025 529 4100 I,
544 4027 681 4101 pag-150
696 4025 730 4084 O.

416 4105 445 4161 2.
466 4103 515 4162 Ad
528 4105 676 4164 verbum:
698 4105 796 4179 “Ego
818 4106 850 4162 et
869 4105 957 4179 pater
972 4103 1044 4161 tuus
1063 4105 1170 4164 tristes
1190 4107 1222 4166 et
1242 4127 1295 4168 cor
1314 4104 1347 4168 in
1365 4127 1418 4170 ore

337 4181 467 4254 ibamus,
479 4179 692 4259 circuibamus,
706 4181 930 4260 quaerebamus
944 4187 1009 4258 te„
1023 4182 1126 4244 Corin
1139 4203 1192 4244 ore
1206 4187 1355 4265 “phrasis
1370 4190 1419 4249 est

337 4260 521 4320 Armeniaca
534 4267 566 4318 11
579 4261 730 4338 significat
742 4261 875 4320 anxium.

408 4343 446 4417 ¹3.
463 4338 537 4398 cod.
551 4340 577 4398 B
591 4341 675 4400 addit
686 4342 717 4400 h.
730 4341 751 4400 l.
765 4343 784 4378 “
796 4343 827 4398 11
840 4337 1031 4416 prophetiam
1043 4381 1071 4415 ,,.
1186 4381 1191 4390 ,

419 4420 446 4478 4.
467 4418 504 4477 In
519 4419 586 4480 cod·
600 4419 645 4479 B:
661 4419 913 4496 “concepturam
927 4420 959 4477 et
968 4419 1133 4496 parituram
1147 4436 1217 4480 esse
1229 4465 1256 4498 „.
