3260 5020
337 365 406 436 256

336 493 481 588 excelsi,
498 495 582 590 quia
599 495 630 565 is
648 494 709 590 qui
726 501 892 568 nascetur
915 519 960 566 cx
983 503 1029 588 te,
1047 491 1161 568 Filius
1188 493 1257 566 Dei
1284 501 1424 594 uocabi-

336 605 396 670 tur
410 596 436 688 ⁴,
462 597 558 692 quod
582 597 626 668 de
654 619 800 693 corpore
828 619 873 669 ex
901 598 1018 670 Maria
1045 597 1324 696 sumpta-dixit.
1351 601 1435 688 Qui

336 722 421 794 ergo
440 699 573 790 dicunt,
588 721 716 796 corpus
729 700 924 774 Salvatoris
942 700 1056 772 nostri
1073 700 1227 794 speciem
1246 702 1439 797 quandam·

337 801 458 893 fuisse,
476 809 516 875 ut
540 825 667 897 corpus
698 803 918 897 angelorum,
937 802 1053 898 quiin
1081 803 1184 875 domo
1202 803 1375 878 Abrahae
1388 827 1425 876 e·

335 901 476 995 derunt,
502 901 654 994 convicti
680 913 891 999 arguuntur,
919 905 1003 1002 quia
1029 905 1073 976 de
1090 905 1164 977 illis
1190 905 1330 1001 angelis
1352 930 1423 980 uon

335 1011 391 1077 est
408 1006 590 1101 scriptum,
609 1008 704 1102 quod
720 1008 889 1098 infestati,
907 1003 1065 1099 cruciati,
1083 1007 1192 1079 occisi
1207 1019 1243 1079 ct
1261 1003 1433 1106 crucifixi

336 1115 430 1196 sunt,
445 1109 508 1180 sed
525 1109 658 1180 formae
673 1133 795 1184 eorum
808 1110 964 1182 mutatae
978 1115 1097 1202 erant;
1118 1132 1189 1181 non
1207 1110 1302 1181 enim
1321 1119 1424 1184 eraut

333 1211 455 1305 angeli
472 1211 687 1306 corporales,
717 1213 780 1286 scd
807 1212 955 1284 formam
981 1209 1186 1304 induerunt,
1211 1235 1302 1308 quae
1326 1211 1438 1285 utili:

335 1313 401 1383 tati
418 1313 616 1385 videntium
635 1315 877 1386 conueniebat.
904 1315 961 1386 Ne
989 1337 1075 1409 ergo
1101 1321 1282 1410 putarent,
1299 1314 1422 1388 Domi·

335 1428 422 1486 num
440 1415 484 1487 iis
503 1425 582 1498 esse
600 1417 764 1509 similem,
781 1423 886 1488 nstris
905 1422 1025 1509 estut
1043 1415 1260 1512 egrediendo
1283 1417 1328 1490 eir
1346 1424 1424 1492 ute-

336 1539 379 1586 rc
395 1517 595 1612 opinionem
615 1543 661 1591 cx
679 1519 860 1592 mentibus
879 1517 1033 1608 tolleret,
1052 1541 1091 1590 se
1109 1519 1262 1593 similem
1285 1527 1424 1592 tantum

334 1641 413 1690 esse
431 1620 642 1694 horninibus.
668 1623 717 1694 llt
737 1621 775 1695 si
802 1621 967 1694 Christus
997 1619 1092 1694 filius
1118 1630 1196 1693 erat
1221 1622 1423 1716 Peregrini,

335 1720 388 1791 sol
407 1721 446 1794 in
462 1723 690 1796 crucifixione
710 1726 885 1820 ejusnou
912 1730 1007 1795 esset
1032 1727 1251 1818 tenebratus,
1269 1725 1335 1796 scd
1357 1722 1420 1798 illc

333 1831 474 1896 creator
489 1823 604 1897 lucem
623 1826 916 1900 abundantiorem
936 1826 1138 1921 sparsisset,
1157 1827 1242 1923 quia
1258 1827 1423 1902 inimicus

334 1925 461 1998 alacie
488 1927 602 2022 ipsius
629 1929 768 2003 ablatus
797 1938 904 2022 essct,
922 1935 959 2000 et
987 1927 1103 2000 lucem
1131 1953 1240 2025 super
1265 1929 1425 2003 Judaecs

335 2025 422 2099 oriri
448 2029 601 2122 fecisset,
628 2032 713 2128 quia
738 2032 850 2127 ipsius
875 2030 1349 2128 voluntatemperfecerunt.
1376 2031 1425 2106 Et
1463 2076 1467 2082 -

336 2130 507 2226 templum
534 2132 654 2204 velum
681 2134 876 2230 pretiosum
902 2131 1097 2223 induisset,
1124 2134 1208 2228 quia
1228 2131 1423 2230 aquerelis

333 2231 467 2304 inimici
498 2235 554 2306 sui
582 2235 784 2328 liberatum,
803 2244 840 2308 et
860 2235 995 2308 solutor
1024 2235 1117 2330 legis
1137 2259 1181 2307 ex
1214 2257 1256 2307 co
1287 2237 1421 2331 ejectus

334 2341 439 2406 esset.
458 2338 513 2408 At·
535 2343 636 2434 pater
663 2339 853 2434 Peregrini
877 2337 1025 2410 forsitan
1051 2337 1201 2410 adduxit
1224 2339 1390 2412 tenebras
1403 2339 1439 2413 θ’

335 2436 406 2508 Sed
425 2460 516 2531 ecce,
533 2463 605 2510 non
623 2448 706 2512 sunt
723 2444 890 2515 tenebrae
908 2440 1009 2535 apud
1020 2463 1101 2512 eum
1116 2465 1124 2534 ;
1141 2463 1256 2538 neque
1273 2439 1304 2512 si
1321 2447 1422 2514 tene-

332 2539 418 2610 brae
448 2541 543 2635 apud
574 2565 654 2613 eum
686 2551 815 2633 essent,
842 2567 902 2614 eas
933 2541 1151 2635 adduxisset,
1181 2543 1309 2640 prime,
1338 2543 1422 2644 quia

332 2637 432 2712 Deus
450 2645 563 2715 bonus
583 2651 648 2737 est,
665 2645 759 2738 dein,
778 2647 862 2740 quia
886 2643 948 2715 ille
975 2643 1139 2716 dixerat:
1161 2668 1176 2702 e
1192 2643 1352 2718 Dimitte
1362 2645 1419 2737 iis,

331 2741 415 2836 quia
445 2745 618 2838 nesciunt,
645 2747 739 2842 quod
763 2745 935 2820 faciunt2.
963 2747 1083 2822 Solem
1110 2755 1228 2820 autem
1260 2741 1442 2822 tenebris*

330 2845 491 2940 obduxit,
510 2848 624 2942 utqui
641 2849 863 2922 ambulantes
881 2868 963 2922 eum
985 2873 1056 2922 non
1082 2858 1335 2946 cognoverunt,
1349 2848 1418 2922 im·

331 2969 388 3017 mo
406 2946 444 3020 in
461 2973 601 3022 crucem
619 2961 782 3046 egerunt,
799 2952 957 3026 tenebris
982 2952 1020 3024 in
1047 2975 1107 3024 eos
1134 2951 1253 3025 missis
1267 2951 1418 3032 forsitan

330 3073 411 3120 eum
435 3061 699 3148 cognoscerent.

432 3154 564 3226 Velum
583 3156 732 3229 scissum
750 3164 815 3249 est,
828 3163 868 3228 ut
886 3157 1083 3252 patefieret,
1092 3156 1285 3228 Dominum
1302 3158 1347 3232 ab
1363 3157 1416 3233 cis

331 3279 484 3352 regnum
502 3257 695 3330 abstulisse
713 3265 749 3331 et
767 3260 908 3331 dedisse
926 3259 1068 3356 populo,
1087 3259 1149 3355 qui
1164 3259 1236 3332 fert
1253 3259 1416 3334 fructum.

331 3362 424 3434 Aut
449 3358 486 3429 in
505 3360 616 3432 scisso
633 3361 714 3432 velo
740 3361 932 3455 imaginem
957 3363 1082 3458 templi
1100 3361 1265 3434 diruendi
1289 3385 1418 3462 propo·

332 3462 414 3552 suit,
432 3461 517 3556 quia
533 3457 687 3558 Spiritus
706 3465 785 3559 ejus
800 3487 847 3534 ex
865 3485 907 3534 eo
925 3464 1072 3536 exierat.
1090 3463 1139 3535 Et
1156 3464 1240 3558 quia
1258 3471 1426 3538 summus

287 3623 289 3628 ,
333 3564 499 3637 sacerdos
517 3571 653 3636 vestem
672 3590 772 3638 suam
790 3565 920 3660 injuste
939 3566 1102 3658 sciderat,
1120 3566 1275 3661 Spiritus
1296 3565 1428 3640 velum·

330 3666 446 3758 scidit,
464 3673 505 3736 ut
525 3667 592 3738 hac
610 3668 746 3740 ratione
764 3691 829 3764 per
848 3691 905 3740 res
932 3675 1068 3740 creatas
1094 3668 1279 3740 audaciam
1297 3675 1334 3740 et
1359 3693 1417 3747 sue

329 3767 490 3868 perbiam
509 3769 730 3851 ludaeorum
741 3767 925 3843 indicaret.
939 3769 1032 3856 Quia
1048 3770 1110 3842 ille
1130 3769 1283 3844 sciderat
1300 3793 1416 3844 sacer-

328 3870 463 3944 dotium
485 3894 596 3966 eaque
629 3897 667 3946 se
698 3873 809 3967 exuit,
829 3873 933 3946 scidit
951 3879 987 3943 et
1012 3871 1071 3945 hic
1096 3872 1217 3946 velum
1248 3878 1285 3944 et
1314 3895 1416 3968 egre·

327 3971 430 4045 diens
448 3973 567 4046 omnia
584 3999 701 4048 secum
721 3976 815 4049 tulit.
833 3977 927 4048 Aut
952 3975 1044 4046 sicut
1060 3974 1272 4048 dissolutum
1299 3981 1337 4046 ct
1360 3997 1416 4047 re·

326 4075 515 4172 probatum
533 4083 590 4150 est
606 4077 790 4176 templum,
808 4079 846 4152 in
862 4077 957 4174 quod
982 4077 1096 4152 ludas
1113 4083 1303 4174 argenteos
1316 4075 1415 4173 jecit,

405 4318 430 4372 1.
452 4313 526 4375 Luc·
542 4320 568 4391 l,
582 4321 628 4378 ab.

400 4395 429 4452 2.
451 4394 524 4453 Luc.
539 4398 587 4471 23,
602 4403 649 4458 34.
