3218 5024
1249 315 1293 386 41

203 441 273 535 ret,
290 440 341 512 ita
359 445 395 517 et
412 438 565 514 Ioannes
578 438 627 512 de
645 439 743 512 fonte
761 437 925 514 Iordanis
952 439 1052 514 fluvii
1071 439 1294 514 Salvatorem
1327 481 1330 488 ·

204 551 368 640 nostrum
385 545 595 620 monstrarit
612 583 641 620 n.
659 544 793 640 Eoos,
819 544 995 641 Q
1018 569 1166 640 agnus
1196 545 1293 639 Dei,

203 647 1070 755 Qirffleffiffllljfflssssssaia
1094 651 1291 724 muudi¹.
1322 630 1565 754 Medii&

574 1049 923 1126 onrouru

305 1470 366 1542 Et
391 1468 492 1566 ipse
515 1467 653 1540 Iesus
676 1474 780 1540 erat
803 1491 1024 1541 annorum
1051 1466 1186 1565 quasi
1207 1468 1288 1541 tri·

200 1573 336 1668 ginta
362 1573 462 1671 (Lus.
491 1573 525 1665 3,
553 1571 625 1665 23),
653 1569 793 1668 quando
818 1571 928 1663 venit,
961 1579 1001 1644 ut
1026 1572 1242 1670 baptismum
1267 1597 1289 1644 a

197 1677 335 1750 Ioanne
353 1677 540 1773 aooiperet,
554 1673 653 1772 'quod
670 1676 764 1770 iecit,
791 1681 831 1749 ut
849 1676 1078 1750 oonfiruderet
1096 1675 1287 1750 Marcioni-

196 1787 265 1854 tas.
293 1782 331 1856 Si
358 1783 453 1854 enim
479 1803 620 1852 earnem
646 1803 718 1852 non
743 1781 869 1874 induit,
904 1781 950 1854 ad
983 1781 1198 1878 baptismum
1225 1803 1288 1854 our

197 1885 366 1958 aooedit?
392 1883 637 1959 Divinaeuim
654 1890 782 1958 natura
807 1884 984 1982 baptismo
1001 1909 1073 1960 non
1091 1886 1284 1980 indigebat.

13 2047 14 2056 ,
197 1987 326 2083 Porro,
340 1990 433 2085 quod
446 1987 595 2083 triginta
608 2010 781 2062 annorum
801 1997 888 2083 erat,
902 1989 939 2062 id
953 2013 1090 2086 quoque
1105 1990 1148 2062 de
1162 1991 1287 2063 huma·

13 2163 14 2174 ,
58 2091 62 2106 ‘
195 2093 310 2166 nitate
324 2094 399 2190 ejus
413 2115 477 2166 nos
491 2099 607 2166 oertos
621 2091 747 2165 reddit.
766 2092 814 2166 Et
832 2093 930 2166 dioit:
944 2093 1148 2166 Permitte
1167 2116 1285 2188 nuno,

13 2187 15 2196 ’
189 2195 701 2295 utomnemjustitiam
721 2196 1231 2294 impleamus(Mnsn.3‚l
1259 2198 1285 2291 ),

195 2302 493 2398 quemadmodum
527 2323 550 2372 a
585 2300 827 2376 sacerdotibus
863 2299 1072 2374 liberatores
1108 2308 1144 2374 et
1178 2325 1284 2396 reges

195 2407 402 2480 unotionem
421 2411 457 2478 et
473 2404 592 2500 legem
618 2412 841 2502 aeceperunt.
868 2406 967 2479 Siout
994 2429 1101 2478 earne
1120 2429 1157 2478 se
1175 2407 1284 2480 vesti-

195 2510 262 2603 vit,
282 2517 317 2582 et
333 2518 513 2606 tamquam
539 2509 747 2604 indigentiis
776 2511 954 2606 subjectus
984 2510 1161 2612 apparuit,
1181 2509 1285 2584 itaet

196 2614 245 2686 ad
261 2615 477 2711 baptismum
499 2615 660 2708 accessit,
687 2621 727 2686 ut
746 2614 789 2686 de
807 2639 895 2688 vera
911 2637 976 2687 sua
993 2615 1214 2688 humanitate
1233 2621 1285 2686 te-

195 2725 366 2810 staretur,
392 2709 507 2814 magis
535 2724 665 2810 autem,
683 2725 723 2790 ut
739 2720 915 2816 baptismo
943 2742 1006 2791 suo
1033 2719 1179 2793 Ioannis
1197 2722 1285 2816 bap-

196 2822 305 2895 tismo
324 2822 433 2895 finem
451 2823 662 2920 imponeret,
681 2821 764 2918 quia
782 2823 897 2896 denuo
918 2823 1115 2920 baptizavit
1137 2846 1196 2895 eos
1223 2823 1284 2920 qui

194 2950 220 2998 a
238 2928 372 3000 Ioanne
383 2926 562 3024 baptizati
580 2933 692 2998 erant.
712 2926 791 3013 Qua
812 2927 949 3000 ratione
972 2928 1129 3000 ostendit
1155 2933 1191 2998 ot
1209 2951 1284 2998 ma-

193 3031 365 3104 nifestum
378 3031 473 3126 feeit,
488 3031 659 3106 Ioannem
674 3037 812 3102 tantum
829 3054 941 3127 usque
956 3031 1002 3104 ad
1016 3032 1129 3128 ipsius
1149 3031 1282 3102 adven-

192 3142 273 3206 tum
299 3135 477 3232 baptisma
502 3135 738 3228 ministrasse,
766 3133 849 3230 quia
873 3157 999 3208 verum
1018 3135 1196 3233 baptisma
1216 3158 1282 3232 per

184 3238 389 3312 'Dominum
406 3245 569 3313 nostrum
591 3239 789 3315 revelatum
817 3245 882 3335 est,
909 3239 971 3335 qui
997 3240 1161 3338 apoenis
1187 3239 1281 3336 legis

193 3343 236 3416 id
256 3343 413 3416 immune
432 3343 516 3416 feeit
530 3343 556 3416 2.
1180 3375 1183 3381 ’

301 3449 350 3522 Et
368 3447 471 3521 dioit:
494 3447 697 3520 “Permitte
711 3469 806 3518 nuno
820 3469 849 3539 a,
867 3470 912 3518 ne
931 3447 1033 3546 quasi
1049 3449 1107 3523 fur
1133 3448 1171 3520 in
1198 3471 1280 3520 eau-

195 3550 272 3624 lam
287 3576 386 3624 suam
401 3553 554 3626 intraret
568 3559 604 3624 et
616 3559 656 3624 ut
671 3551 903 3624 confunderet
912 3552 1137 3646 Pharisaeos,
1147 3552 1209 3648 qui
1222 3577 1282 3624 su-

194 3657 301 3750 perbi
313 3657 491 3753 baptisma
502 3657 647 3730 Ioannis
663 3651 886 3752 spreverunt,
901 3657 1077 3754 simulque
1087 3658 1281 3730 honoraret

192 3759 434 3858 humilitatem
453 3761 639 3858 praeeonis
654 3761 720 3854 sui,
738 3767 778 3832 ut
795 3759 1015 3834 dictumest:
1033 3784 1047 3818 u
1064 3761 1201 3854 Omnis,
1219 3761 1281 3856 qui

193 3888 236 3936 se
253 3865 430 3958 humiliat,
458 3863 733 3940 exaltabiture.
761 3865 808 3936 Et
826 3864 909 3960 quia
925 3865 1078 3938 Ioannes
1097 3865 1279 3939 confessus

191 3976 296 4042 erat:
318 3969 425 4066 ungo
439 3993 510 4042 non
525 3995 604 4044 sum
622 3968 763 4065 dignus,
782 3967 921 4042 solvere
940 3969 1130 4066 corrigiam
1143 3970 1279 4044 oaloea-

273 4203 908 4361 i.IA⁰drle’ri)i1ii16:“Quijustifioavitillud
924 4282 1062 4358 apoenis
1076 4282 1153 4362 legis
1163 4313 1189 4354 e,
1213 4281 1233 4340 i.
1249 4297 1277 4338 e.

191 4360 379 4438 accipientes
392 4360 575 4437 baptismum
588 4383 675 4422 suum
690 4383 708 4422 a
724 4363 830 4440 poenis
844 4362 919 4439 legis
932 4360 1084 4421 liberavit.

274 4443 302 4500 3.
322 4441 419 4500 Moru.
435 4443 482 4516 23,
499 4443 546 4500 12·
559 4443 632 4503 Lus.
648 4445 695 4518 14,
707 4446 761 4518 115
779 4443 824 4518 18,
840 4444 886 4501 14.
