3280 5028
1227 306 1294 376 199

208 435 277 533 qui
294 437 404 511 oculis
430 437 577 511 internis
595 437 735 512 videbat
761 446 796 512 et
818 463 941 513 caecus
966 439 1003 512 in
1030 436 1184 514 tenebris
1211 460 1290 511 ver-

219 563 299 614 sans
330 540 479 638 ducebat
508 543 546 614 in
575 541 633 616 via
661 543 834 637 videntes,
852 542 913 640 qui
935 543 1081 644 ¹interne
1114 539 1292 614 obcaecati

218 648 328 716 crant.
345 645 449 719 Lavit
467 647 510 718 dc
528 645 638 718 oculis
657 646 729 719 suis
746 647 861 719 lutum
879 654 914 719 et
932 671 969 719 se
987 646 1103 743 ipsum
1121 645 1222 735 vidit,
1241 644 1292 716 la-

217 756 346 824 verunt
362 756 398 822 et
415 749 470 822 illi
486 749 688 822 caecitatem
704 752 747 822 de
765 752 869 823 corde
889 773 952 822 suo
969 757 1004 822 et
1023 773 1059 822 se
1077 750 1174 844 ipsos
1194 744 1293 822 vide-

216 859 309 925 runt.
328 853 405 942 Quo
423 860 581 950 tempore
599 852 771 952 Dominus
789 855 893 926 unius
911 853 1005 925 caeci
1026 853 1145 926 oculos
1162 853 1201 924 in
1219 874 1292 922 rna-

215 955 349 1029 nifesto.
360 957 550 1054 aperiebat,
564 956 753 1030 multorum
768 980 950 1030 caecorum
964 959 1085 1030 oculos
1097 957 1135 1028 in
1148 958 1293 1028 abscon-

218 1059 292 1133 dito
309 1061 457 1156 aperuit.
486 1060 621 1133 Caecus
647 1063 737 1134 bene
754 1061 879 1134 videns
906 1061 1055 1134 Domino
1074 1059 1175 1157 quasi
1202 1059 1292 1154 stips

216 1163 293 1259 fuit,
309 1188 379 1262 qua
395 1165 525 1238 multos
551 1185 671 1236 caecos
698 1164 867 1237 conduxit
892 1172 927 1236 et
945 1165 1149 1239 acaecitate
1175 1161 1291 1235 cordis

219 1269 365 1342 sanavit.

318 1371 363 1444 In
380 1373 500 1469 paucis
527 1371 669 1445 Domini
686 1372 804 1446 verbis
831 1372 934 1445 multi
952 1372 1109 1447 latebant
1136 1367 1294 1443 thesauri

219 1475 318 1548 etin
348 1477 414 1548 hoo
443 1500 548 1572 opere
580 1475 772 1578 sanationis
804 1499 929 1549 arcane
961 1475 1180 1574 descriptum,
1209 1477 1295 1564 erat,

219 1601 299 1652 eum
325 1603 402 1653 esse
429 1580 540 1652 filium
566 1579 744 1653 creatoris.
762 1581 901 1674 Vade,
920 1579 979 1672 ait,
996 1580 1104 1653 lava
1128 1575 1319 1652 faciem·

220 1689 352 1756 tuam.
378 1684 433 1757 Ne
456 1684 534 1780 quis
562 1683 793 1776 existimaret,
826 1683 918 1756 hanc
945 1683 1162 1756 sanationem
1188 1679 1297 1765 artifi-

220 1785 273 1858 cio
300 1786 504 1862 similiorem
531 1810 620 1879 esse,
639 1811 743 1884 quam
770 1787 950 1880 miraculo,
969 1787 1065 1859 misit
1091 1809 1171 1858 eum
1201 1782 1296 1856 lava-

219 1897 304 1984 tum,
322 1898 362 1964 ut
378 1891 590 1988 ostenderet,
609 1913 750 1963 caecum
775 1914 847 1964 non
873 1891 1052 1964 dubitasse
1065 1890 1117 1961 'de
1141 1910 1181 1959 eo
1202 1886 1295 1982 quod

219 1993 391 2068 Dominus
412 1995 528 2093 ipsum
555 2001 742 2067 sanaturus
762 2001 865 2089 esset,
884 2001 919 2066 et
937 1999 976 2065 ut
998 2016 1121 2065 caecus
1147 1992 1297 2064 interro-

220 2099 337 2194 gando
364 2105 409 2192 et,
435 2099 528 2195 quod
563 2097 789 2192 contigisset,
830 2097 1038 2195 explicando
1067 2119 1166 2169 suam
1191 2095 1297 2167 fidem

219 2201 439 2276 manifestam
457 2202 633 2275 redderet.

322 2306 471 2402 Sputum
487 2306 597 2402 igitur
614 2305 757 2378 Domini
775 2304 876 2401 quasi
894 2304 1002 2378 clavis
1020 2304 1112 2376 facta
1134 2309 1188 2376 est
1214 2324 1294 2373 ocu-

218 2407 331 2482 lorum
350 2409 548 2482 clausorum
567 2409 741 2482 etoculos'
755 2408 978 2506 pupillasque
996 2408 1041 2480 ad
1067 2431 1174 2504 aquas
1194 2428 1294 2478 sana-

217 2511 270 2585 vit
288 2519 324 2585 et
340 2512 377 2585 in
395 2513 495 2609 aquis
516 2512 705 2610 symbolice
725 2512 1033 2586 sanctificationem
1051 2535 1150 2584 suam
1173 2509 1217 2584 ad
1236 2509 1295 2580 de-

216 2615 356 2689 fectum
372 2623 531 2690 nostrum
557 2616 756 2714 applicavit.
784 2615 886 2705 Quod
912 2615 1084 2688 Dominus
1118 2615 1218 2707 fecit,
1245 2618 1296 2702 ut,

215 2721 357 2815 quando
369 2721 406 2794 in
423 2721 547 2793 faciem
564 2720 677 2816 ipsius
696 2727 875 2816 spuerent,
891 2719 982 2791 oculi
1000 2742 1193 2812 caecorum,
1208 2738 1295 2812 quos

217 2831 321 2920 sputo
341 2849 403 2898 suo
417 2831 614 2922 aperuerat,
633 2846 692 2895 eor
710 2829 952 2918 coarguerent.
967 2824 1018 2895 At
1035 2822 1090 2894 illi
1106 2845 1177 2894 non
1193 2817 1297 2892 intel-

217 2927 384 3002 lexerunt
410 2952 510 3002 suam
532 2927 854 3025 reprehensionem,
868 2950 972 3022 quam
985 2925 1170 3016 Dominus
1189 2945 1297 3020 quum

217 3031 338 3104 oculos
365 3054 546 3106 caecorum
573 3031 737 3128 aperiret,
755 3029 811 3102 his
837 3029 954 3104 verbis
982 3028 1180 3125 expressit:
1208 3023 1296 3113 Qui

218 3133 397 3228 vident,
424 3137 553 3208 caeci
578 3137 708 3226 fient,
727 3133 819 3232 quod
844 3133 994 3206 refertur
1021 3134 1065 3205 ad
1084 3154 1214 3222 caecos,
1233 3127 1294 3224 qui

220 3261 301 3312 eum
319 3239 548 3337 corporaliter
566 3239 744 3332 videbant,
763 3244 798 3309 et
825 3237 1057 3328 adsidentes,
1075 3235 1201 3331 quibus
1227 3254 1298 3302 non

221 3343 411 3438 apparuitl
433 3343 672 3439 spiritualiter.
691 3340 868 3435 Lutum,
890 3340 1063 3437 inquiunt,
1081 3339 1194 3410 fecit
1214 3335 1297 3408 hoc

222 3447 430 3520 sabbato.
466 3447 759 3520 Praetermittunt
784 3469 864 3517 eum
890 3445 951 3539 qui
976 3444 1130 3537 sanavit,
1158 3449 1194 3513 et
1220 3463 1296 3512 ooo-

220 3555 353 3646 perunt
378 3550 577 3646 vituperare
605 3549 642 3621 id
667 3549 759 3645 quod
784 3549 876 3620 feeit.
905 3547 1016 3620 Sicuti
1041 3547 1128 3640 virc,
1150 3545 1210 3640 qui
1235 3543 1296 3614 tri-

221 3653 322 3747 ginta
339 3660 416 3727 octo
433 3678 543 3727 annos
569 3652 784 3726 infirmitatis
810 3653 970 3744 habebat,
990 3650 1179 3722 dixerunt:
1208 3645 1296 3735 Quis

214 3755 325 3854 jussit
341 3765 376 3830 te
393 3764 534 3855 portare
560 3758 690 3830 lectum
703 3756 730 3852 ²,
748 3779 818 3828 non
835 3761 972 3828 autem:
992 3751 1109 3841 Quis5
1132 3759 1177 3824 te
1195 3773 1294 3822 sana-

221 3859 305 3934 vit?
331 3861 382 3934 ita
407 3866 442 3933 et
467 3861 526 3934 hlo
552 3861 673 3959 ajunt:
706 3860 869 3932 “Lutum
892 3857 974 3930 fecit
1006 3858 1072 3930 hoo
1108 3856 1251 3930 sabbato
1268 3892 1296 3928 η.

303 4093 328 4148 1.
349 4088 398 4148 Ad
420 4092 566 4150 verbum:
585 4094 759 4169 “Apparuit
781 4094 833 4156 eia
854 4095 903 4152 vel
920 4096 1003 4154 “sibi
1019 4127 1044 4169 a,
1067 4094 1147 4172 quod
1170 4092 1294 4152 Aucher

222 4167 316 4228 vertit
338 4189 345 4228 :
376 4168 551 4246 “Apparuit
567 4170 595 4228 ei
617 4171 760 4232 Dominus
774 4205 800 4237 „-
824 4172 883 4233 Sed
917 4176 1077 4249 contextus
1103 4171 1294 4250 sequentium

222 4248 292 4310 hnic
306 4247 438 4308 versioni
452 4249 622 4308 contrarius
637 4252 694 4308 est.

304 4331 332 4386 2.
353 4327 398 4388 cf.
412 4329 496 4386 Iona.
509 4328 537 4402 5,
551 4329 596 4386 10.

302 4409 329 4465 3.
350 4405 397 4469 Sic
414 4407 444 4466 in
459 4405 525 4467 cod·
539 4407 574 4467 B.
588 4409 625 4468 In
641 4409 706 4469 cod.
721 4410 769 4472 A:
787 4411 917 4471 “istene
931 4412 961 4468 te
977 4411 1095 4471 sanavit
1106 4433 1135 4465 a.
