3260 5020
241 331 248 345 ·
356 294 426 368 252

354 423 561 520 praescivit,
588 420 760 519 populum
787 423 825 494 in
850 419 981 494 Filium
1009 445 1080 498 non
1106 423 1325 504 crediturum
1353 451 1445 522 esse,

355 526 477 602 docuit
495 550 575 598 eum
603 549 668 622 per
694 531 909 622 serpentem,
927 531 968 598 ut
984 527 1215 608 contunderet
1238 530 1447 626 crucifigen-

357 635 423 722 tes,
440 629 526 722 quia
543 628 605 702 ille
633 628 789 728 populus
804 627 997 723 imaginem
1021 629 1219 706 salvatoris
1245 634 1359 708 nostri
1388 657 1446 706 co-

354 729 484 806 luerat.
637 787 641 797 .
1375 781 1377 788 ν

452 833 707 906 ‚Sanetuarium
726 835 946 918 combustum
965 837 1002 904 et
1018 831 1191 928 ternplum
1201 833 1360 912 dirutum
1377 847 1446 932 est,
1494 902 1497 910 ,

350 941 403 1008 ut·
413 941 538 1032 typum
556 937 693 1024 Christi
719 937 957 1025 efformarent,
974 935 1059 1028 quia
1083 959 1213 1030 corpus
1233 939 1309 1033 ejus
1331 946 1446 1014 struc-

354 1043 456 1112 turae
474 1039 600 1135 templi
618 1038 734 1128 simile
752 1044 818 1129 est,
836 1044 873 1107 et
891 1036 1082 1130 Babylonii
1107 1038 1242 1113 similes
1259 1049 1346 1116 sunt
1365 1065 1444 1126 cru-

294 1151 296 1154 ’
353 1138 590 1234 cifigcntibus.
618 1141 658 1216 Si
683 1140 826 1236 objicis,
853 1139 969 1210 Deum
995 1139 1082 1213 baec
1110 1149 1264 1237 ,propter
1298 1155 1447 1238 peccata

352 1263 476 1316 eorum
504 1243 645 1336 fecisse,
672 1265 815 1340 quaero,
833 1241 918 1336 quid
945 1243 1172 1335 peccaverint
1202 1245 1375 1340 templum
1406 1255 1443 1320 et

350 1342 478 1436 altare,
508 1338 638 1419 Daniel
663 1366 804 1440 quoque
831 1349 867 1414 et
895 1343 980 1414 socii
1007 1343 1109 1438 ejus?
1138 1344 1444 1432 Quemadmodum

353 1445 443 1518 baec
460 1447 498 1520 in
514 1447 791 1520 consolationem
816 1446 910 1518 lacta
935 1451 1018 1518 sunt
1035 1446 1210 1541 justitiae,
1237 1449 1322 1544 quia
1350 1451 1444 1524 dona

350 1550 530 1642 promissa
545 1560 622 1645 per,
641 1551 732 1622 hanc
762 1547 1032 1622 retributionem
1062 1547 1296 1644 advenerunt,
1317 1553 1441 1628 eodem

353 1651 512 1722 modoet
533 1651 676 1746 justitia
700 1650 976 1723 consolationem
1003 1651 1140 1744 accepit
1166 1675 1376 1749 percorpus
1402 1655 1440 1729 in

347 1773 492 1838 crucem
511 1753 656 1846 elatum,
676 1760 716 1826 ut
734 1759 770 1824 et
796 1776 861 1848 per
886 1749 1061 1846 ternplum
1078 1753 1252 1828 dirutum..
1268 1779 1284 1812 e
1300 1757 1346 1828 In
1365 1779 1441 1842 sor·

351 1853 406 1926 vis
425 1856 510 1948 suis,
529 1855 594 1952 ait,¹
610 1853 887 1942 consolationem
903 1854 1011 1926 habet
1028 1893 1044 1932 s
1064 1855 1088 1926 ¹.

376 1999 384 2010 ·
454 1955 577 2030 Prima
593 1958 673 2032 laus
691 1956 872 2031 Creatoris
891 1963 956 2046 est,
980 1957 1074 2052 quod
1101 1957 1226 2030 lecerit
1251 1982 1371 2054 opera,
1389 1959 1440 2032 al-

351 2065 440 2152 tera,
459 2061 553 2156 quod
571 2083 609 2134 ae
628 2061 747 2155 ipsum
773 2057 941 2154 operibus
968 2058 1253 2138 suisnevelavit.
1281 2063 1381 2135 Siout
1398 2085 1444 2136 ea

351 2162 528 2255 cognorit,
558 2163 609 2236 ita
637 2161 761 2254 voluit,
788 2167 829 2234 ut
853 2163 898 2234 ab
924 2161 975 2234 eis
1005 2170 1288 2256 cognosceretur.
1306 2165 1364 2238 Ab
1397 2188 1438 2236 eo

349 2265 523 2357 processit
551 2289 682 2338 nomen
712 2263 921 2355 divinitatis,
939 2263 1032 2358 quod
1058 2263 1206 2338 veniens
1236 2265 1370 2338 resedit
1400 2265 1440 2338 in

346 2364 474 2460 Moyse
487 2365 514 2460 ²,
533 2373 573 2440 ut
590 2367 763 2462 Aegyptii
788 2365 905 2436 Deum
922 2365 1080 2439 omniurn
1097 2389 1226 2438 rerum
1248 2387 1439 2460 eognosce-

347 2468 439 2540 rent.
457 2471 516 2542 Ab
535 2469 658 2542 eodem
676 2469 753 2542 Deo
779 2466 953 2564 processit
970 2468 1127 2543 Verbum
1154 2469 1354 2559 etyeniens
1374 2469 1441 2552 ha·

347 2567 476 2644 bitayit
492 2571 530 2642 in
548 2595 667 2662 carne,
685 2579 725 2643 ut
741 2593 799 2644 res
816 2575 959 2640 creatae
972 2567 1298 2644 Patremomnium
1316 2594 1437 2660 rerum

347 2680 611 2764 cognoscerent
644 2675 687 2746 In
717 2671 859 2747 nomine
892 2694 978 2766 ergo
1009 2671 1243 2746 divinitatis³
1271 2674 1440 2747 divinitas

345 2771 431 2845 Filii
449 2777 720 2870 praedicabatur
738 2775 829 2847 etin
845 2775 987 2846 nomine
1006 2773 1120 2846 Filii‘*
1138 2774 1342 2848 Paternitas
1368 2775 1438 2846 Dei

346 2874 534 2950 manifesta
558 2879 652 2953 facta
678 2884 743 2950 est.
757 2874 944 2976 'Aegyptii
959 2899 1033 2948 ,non
1059 2875 1249 2949 audierunt
1274 2876 1438 2972 Moysen,

344 2983 385 3052 ct
401 2978 505 3076 virga
519 2982 599 3076 ejus
626 2980 773 3056 cruciati
799 2985 893 3072 sunt,
911 2977 1140 3051 crediderunt
1171 2986 1289 3051 autem
1316 2977 1438 3050 inm-
1475 3029 1480 3036 -

346 3077 446 3174 lium,
464 3089 502 3154 et
520 3105 623 3156 cruce
641 3085 718 3180 ejus
744 3080 874 3155 salvati
902 3088 994 3154 sunt.
1021 3080 1156 3153 Baculo
1174 3080 1322 3177 Moysis,
1349 3087 1436 3176 typo

346 3185 474 3278 crucia,
488 3185 611 3282 populi
629 3187 964 3283 praemonebantur,
983 3178 1212 3280 Acgyptii'in
1227 3184 1343 3280 signis
1360 3183 1437 3279 pla·

346 3307 475 3377 garum
495 3294 530 3359 et
547 3289 766 3362 Amalecitae
784 3287 822 3358 in
847 3285 984 3382 praelio
1011 3285 1297 3381 experimentum
1319 3285 1436 3358 crucis

345 3386 556 3462 didicerunt.
575 3391 692 3480 Quum
719 3390 826 3463 rudes
853 3388 968 3460 adhuc
985 3393 1116 3482 essent,
1131 3395 1218 3486 typo
1236 3388 1351 3461 crucis
1378 3409 1437 3459 re-

345 3491 541 3586 gebantur3
560 3515 669 3588 quum
687 3499 805 3566 autem
820 3491 885 3562 eis
912 3512 1001 3562 crux
1018 3491 1256 3588 apparuisset,
1274 3491 1437 3564 doctrina

342 3598 380 3664 et
410 3593 633 3670 institutione
664 3597 740 3691 ejus
770 3601 939 3688 tanquam
971 3592 1162 3666 illuminati
1189 3600 1225 3666 et
1252 3593 1435 3688 sapientes

343 3693 481 3771 inventi
499 3705 592 3772 sunt.
612 3698 710 3770 Deus
727 3697 838 3792 igitur
855 3695 1038 3768 Israelitas
1060 3695 1216 3790 imagine
1238 3695 1352 3767 crucis
1369 3695 1433 3766 ho·

344 3801 494 3875 norabat
511 3807 547 3873 et
563 3800 752 3874 alliciebat.
772 3799 863 3872 Cum
881 3803 999 3870 autem
1025 3796 1099 3892 ille,
1117 3799 1217 3895 cujus
1235 3797 1348 3892 signis
1368 3796 1435 3868 ho-

423 4031 450 4088 1.
471 4030 660 4104 remant,
677 4034 722 4090 14.

421 4107 451 4162 2.
471 4106 611 4182 uxone,
628 4112 673 4168 16.

423 4185 452 4240 3.
473 4184 596 4244 Scilicet
609 4185 691 4263 quod
704 4185 803 4262 Moysi
818 4185 1022 4247 tribuebatur.

422 4261 450 4318 4.
470 4262 520 4320 Ad
534 4265 680 4322 verbum:
699 4264 932 4330 “nativitatisa
947 4266 1008 4326 Sed
1030 4266 1061 4326 io
1086 4266 1213 4344 Syriaco
1237 4266 1344 4328 eadem
1366 4263 1429 4326 'tox

342 4336 436 4398 filium
453 4343 484 4398 et
498 4341 691 4402 nativitatem
706 4342 858 4420 exprimit.
