3218 5024
254 445 256 450 ·
317 414 423 488 vinea
440 421 511 504 tua,
531 414 593 487 sed
605 413 693 487 haec
707 413 777 486 sint
794 414 1010 511 pauperibus
1024 414 1051 510 l,
1069 413 1182 516 sihoc
1200 414 1332 490 dictum
1344 421 1410 490 est*

318 518 370 592 eis
395 519 468 616 qui*
485 519 550 594 sub
576 517 656 614 lege
677 525 770 612 sunt,
797 519 882 615 quid
910 519 1121 593 Christianis
1147 522 1401 620 praecipietur,

314 622 443 718 quibus
461 621 634 696 Dominus
653 622 762 695 dixit:
792 645 806 679 s
828 623 911 696 Nisi
936 623 1182 696 abundantior
1196 625 1399 699 inveniatur

308 726 451 822 justitia
466 733 597 820 restra,
615 749 721 823 quam
743 726 946 801 Scribarum
968 733 1003 798 et
1021 727 1305 824 Pharisaeorum,
1326 753 1400 803 non

313 830 463 927 potestis
481 830 614 904 intrare
633 831 671 904 in
688 853 839 925 regnum
857 830 1066 904 coelorum?
1084 871 1112 906 a.

417 934 514 1007 Hoc
541 934 764 1028 audistis,
786 935 905 1030 quod
926 934 1100 1006 dictum
1126 941 1218 1007 est:
1238 936 1304 1008 Ne
1331 959 1399 1010 cc-

315 1036 470 1132 eidas3
498 1037 575 1136 qui
604 1037 722 1110 enim
749 1037 938 1132 occidit,
965 1063 1074 1112 reus
1102 1045 1172 1110 est
1198 1039 1396 1137 judicic.

314 1139 402 1214 Sed
429 1165 513 1238 ego
550 1142 651 1214 dico
686 1141 840 1216 robis:
872 1141 959 1231 Qui
985 1142 1105 1215 dicit
1131 1142 1275 1216 fratri
1303 1167 1395 1238 suo,

311 1245 451 1318 fatue.
479 1246 573 1335 Quia
595 1269 723 1344 nempe
752 1248 819 1320 hoc
845 1269 984 1342 quoque
1002 1270 1133 1319 nornen
1149 1248 1397 1343 propterrili-

193 1408 195 1418 ,
313 1357 424 1423 tatem
441 1350 602 1424 homines
620 1348 775 1422 offendit.
793 1351 921 1443 Homo,
940 1349 1008 1422 etsi
1025 1351 1135 1444 rudis,
1150 1372 1291 1424 cursum
1308 1358 1398 1424 tem·

313 1453 411 1551 poris
430 1455 619 1549 cognoscit,
646 1454 788 1551 sapiens
806 1459 924 1526 autem
943 1448 1084 1528 cursum
1104 1455 1356 1550 cogitationum
1369 1455 1397 1527 2.

311 1557 494 1632 Perfectus
521 1581 606 1653 ergo
634 1557 677 1629 ad
703 1558 878 1655 perfectos
903 1556 1282 1654 introducere'voluit,
1312 1563 1337 1632 i.
1364 1583 1396 1633 e.
1429 1603 1431 1608 ·

311 1661 487 1758 perlectos
513 1662 558 1734 ad
584 1661 740 1757 angelos.
766 1661 874 1758 Apud
891 1661 1082 1734 Dominum
1101 1663 1192 1759 justi
1222 1664 1275 1736 rei
1303 1671 1398 1758 sunt,

311 1768 364 1838 ita
389 1772 425 1838 et
450 1765 521 1864 ipsi
547 1790 584 1838 se
611 1765 762 1838 invicem
789 1788 868 1854 reos
895 1773 1100 1859 agnoscant.
1126 1766 1224 1839 Deus
1250 1767 1399 1863 homini,
1426 1775 1430 1784 '

293 1893 421 1968 ¹quem
447 1871 493 1958 ad
520 1895 619 1943 suam
646 1869 836 1966 imaginem
863 1868 957 1963 fecit,
990 1869 1191 1944 libertatem
1219 1871 1327 1965 dedit,
1356 1878 1398 1944 ut

312 1974 494 2048 voluntate
520 1974 712 2070 possideat,
739 1972 832 2069 quod
849 1973 947 2045 Deus
975 1996 1028 2066 en¹
1047 1980 1176 2046 natura
1198 1999 1262 2047 sua
1277 1976 1396 2048 habet.
1448 2011 1453 2022 ·

311 2077 360 2150 Et
378 2077 627 2174 contemplare,
646 2077 819 2176 quomodo
839 2082 874 2149 et
890 2076 1001 2170 Deus,
1027 2078 1189 2174 quamvis
1207 2101 1253 2151 ex
1269 2085 1399 2152 natura

314 2182 432 2254 omnia
451 2181 528 2280 jam
553 2182 762 2278 possideret,
789 2187 909 2255 tamen
933 2179 1099 2254 libertate
1133 2183 1397 2256 vicissitudines

312 2285 406 2359 vitae
424 2287 598 2359 hnmanae
617 2285 725 2359 subiit
737 2284 764 2356 ³.

416 2389 650 2483 Audistis,
678 2389 787 2485 quia
815 2383 1108 2462 dictumest:
1141 2391 1241 2464 Non
1267 2391 1395 2464 adul-

313 2494 508 2588 terabiS,
545 2493 625 2565 sed
660 2516 743 2588 ego
787 2492 889 2564 dico
933 2494 1090 2566 vobis:
1118 2494 1396 2591 Quicunque

313 2597 517 2695 aspicitl
545 2604 589 2669 et
615 2595 925 2694 concupiscit,
952 2596 1210 2684 adulterat.
1236 2599 1284 2670 Et
1310 2599 1395 2694 quia

315 2707 426 2795 erant,
441 2701 502 2798 qui
515 2700 669 2794 divitiae,
684 2701 840 2795 deliciae,
853 2700 1055 2798 voluptates
1070 2709 1106 2774 et
1118 2704 1228 2775 verba
1244 2703 1290 2776 ad
1301 2703 1398 2775 mala

313 2805 499 2878 incitantia
524 2808 699 2898 amabant,
727 2804 818 2904 dixit
839 2803 1036 2878 Dominus:
1059 2805 1106 2878 Si
1131 2830 1290 2898 manus
1315 2812 1397 2879 tua

314 2909 389 2982 vel
415 2934 496 3006 pes
523 2917 630 2981 tuus
659 2907 965 2982 scandalizet
989 2916 1044 2984 te.
1064 2907 1396 3006 Sienimffdeipsis

309 3014 477 3090 membris
494 3014 560 3086 hoc
572 3012 637 3086 tibi
650 3011 842 3111 praecepit,
860 3036 968 3108 quare
982 3019 1022 3085 tu
1034 3014 1150 3111 parcis
1174 3013 1318 3108 divitiis,
1336 3013 1396 3098 vel

310 3118 561 3216 voluptatibus
575 3117 634 3191 vel
647 3117 766 3192 verbis
784 3116 915 3214 pravis,
934 3139 1023 3213 quae
1039 3117 1142 3190 facile
1161 3117 1396 3192 amoventur?

389 3367 416 3424 1.
438 3365 524 3428 (loni.
539 3368 611 3426 an.
627 3369 674 3442 19,
688 3369 717 3426 9.

317 3505 319 3508 .
387 3447 416 3503 2.
435 3446 485 3505 Ita
500 3449 618 3506 textum
632 3448 815 3524 impressum
829 3439 1043 3517 corrigendum
1058 3457 1127 3502 esse
1145 3441 1290 3502 existimo
1300 3443 1394 3520 juxta

309 3519 377 3583 cod.
388 3524 423 3601 B,
438 3526 489 3602 qui
500 3525 539 3584 ad
552 3526 680 3584 verbum
694 3525 804 3583 habet:
822 3521 924 3607 “Quia
937 3521 994 3580 hoc
1009 3540 1130 3598 quoqne
1141 3538 1283 3580 nomen...
1296 3521 1391 3582 offen·

309 3603 355 3662 dit
367 3601 488 3664 idiotas.
502 3605 588 3665 Sient
602 3620 724 3664 cursum
738 3607 907 3678 temporum
932 3605 1124 3675 cognoscunt
1146 3601 1249 3674 rudes,
1272 3601 1317 3660 ita
1343 3618 1392 3658 sa-

307 3682 427 3758 pientes
442 3688 501 3743 etc.
520 3687 634 3745 Sensus
656 3699 726 3741 esse
746 3680 882 3740 ridetur:
902 3678 933 3737 Si
949 3679 1041 3737 rudes
1060 3686 1206 3756 tempora
1221 3681 1389 3740 observare

307 3761 418 3838 sciunt,
434 3764 588 3840 sapientes
602 3779 723 3840 quoque
744 3760 946 3836 cogitationes
960 3776 1032 3816 suas
1053 3759 1220 3818 observare
1239 3764 1273 3818 et
1284 3758 1391 3818 mode·

306 3839 380 3917 rari,
395 3847 426 3901 et
440 3849 541 3902 motus
555 3842 732 3902 iracundiae
747 3845 778 3898 et
792 3837 887 3898 verba
900 3837 1049 3915 injuriosa
1063 3839 1233 3916 opprimere
1247 3839 1387 3916 possunt.
1445 3902 1450 3912 ,

384 3923 413 3978 3·
433 3920 482 3979 Ad
496 3923 641 3980 verbum:
661 3920 802 3978 “Tamen
816 3916 904 3994 quasi
917 3917 947 3974 in
961 3916 1104 3976 libertate
1120 3917 1287 3977 ambularit
1299 3949 1327 3980 a.

387 4001 415 4056 4.
436 4000 487 4057 Ita
499 4003 530 4058 in
545 4005 675 4077 utroque
694 3999 808 4059 codiee.

384 4076 414 4134 5.
435 4078 473 4136 In
485 4079 533 4136 his
553 4085 584 4138 et
605 4098 689 4156 seqq.
710 4079 813 4154 arguit
825 4093 879 4133 cos
894 4075 945 4150 qui
962 4073 1060 4132 rerba
1072 4073 1186 4133 Christi
1199 4074 1279 4134 male
1291 4073 1384 4132 inter-

306 4156 464 4230 pretentes
478 4175 510 4216 se
524 4160 606 4234 ipsos
621 4158 808 4217 mutilarunt.
822 4153 934 4212 Sensus
950 4172 1019 4211 esse
1033 4153 1174 4213 ridetur:
1189 4155 1229 4229 Si,
1241 4170 1298 4228 ego
1311 4153 1385 4211 dicit

305 4233 463 4310 Dominus,
476 4239 620 4314 praecepi
630 4237 685 4296 tibi
695 4237 762 4314 ipsa
772 4233 909 4294 membra
918 4249 1072 4304 resecare,
1087 4237 1121 4291 ut
1133 4237 1166 4291 tu
1175 4238 1275 4311 putas,
1287 4249 1382 4308 quare

306 4312 342 4370 tn
353 4331 415 4372 non
428 4333 568 4376 removes
583 4321 642 4374 ate
655 4315 780 4374 fallaces
796 4311 917 4374 divitias
931 4315 1001 4388 etc,
1016 4329 1093 4390 quas
1114 4311 1250 4390 abjicere
1264 4309 1384 4372 facilius

306 4391 365 4472 cst,
379 4411 469 4474 quam
484 4393 606 4456 auferre
619 4397 764 4456 membra.
