3218 5024
301 475 381 524 rum
396 471 540 522 suorum
555 451 590 518 et
603 451 795 544 pastorum.
813 446 1016 541 Antequam
1029 444 1204 519 Dominus
1218 445 1392 520 aSimone
1460 443 1462 446 ’

302 553 486 634 chari-tatis
504 551 789 622 testificationem
803 549 1008 644 accepisset,
1022 556 1155 621 sortem
1172 571 1256 620 suae
1268 546 1403 624 mortis

305 655 439 726 cidare
468 661 540 724 non
564 654 691 748 potuit,
717 660 759 722 ut
772 659 807 722 et
820 651 897 746 ipse
915 673 980 746 pro
1003 651 1128 724 ovibus
1147 650 1316 744 suianisi
1333 673 1396 724 eas

302 761 469 848 amasset,
488 755 642 826 animam
660 777 760 826 suam
778 777 850 825 non
868 751 1036 824 dedisset.

322 911 324 914 -
406 857 544 930 Videas
563 863 681 928 autem
698 856 850 926 Ioannes
876 853 927 926 in'
942 855 1081 950 spiritu,
1107 877 1214 948 quem
1230 853 1397 950 habebat,

302 958 372 1030 etsi
390 959 565 1030 Dominus
583 959 663 1054 ipsa
679 957 794 1029 uirtus
813 962 908 1027 esset
931 957 1089 1048 sanandi,
1103 980 1212 1050 quum
1229 957 1396 1042 continuo

304 1061 475 1134 virtutem
486 1085 586 1133 suam
595 1061 633 1131 in
643 1083 681 1132 se
689 1060 848 1150 haberet,
857 1065 978 1130 tamen
991 1059 1096 1130 fidem
1104 1057 1142 1128 in
1151 1080 1243 1150 eum,
1254 1081 1324 1152 qua
1338 1083 1394 1131 sa-

307 1163 516 1258 nandiopus
529 1161 970 1253 haberent,noncontinuo
993 1161 1401 1256 adessaproptereadi*

310 1263 467 1358 scipulos
477 1265 522 1336 ad
532 1288 612 1336 eum
622 1264 731 1356 misit,
749 1287 817 1358 quo
828 1271 986 1358 tempore
1001 1285 1123 1334 omnes
1146 1269 1396 1354 argumentum

231 1423 233 1430 ,
305 1365 538 1462 accipiebant,
549 1389 629 1437 eum
639 1389 763 1438 verum
778 1388 856 1436 esse
870 1363 1050 1436 Messium.
1060 1365 1173 1436 immo
1187 1363 1398 1457 ipsamissio
1450 1425 1453 1430 .

304 1468 472 1560 ostendit,
488 1459 634 1539 manum
654 1467 789 1540 Christi
807 1467 968 1538 omnibus
991 1467 1179 1562 imperare.
1206 1464 1399 1538 Commen‘

306 1569 405 1641 davit
423 1569 459 1640 ei
472 1593 557 1643 oues
574 1593 669 1663 suas,
696 1576 736 1650 ut
761 1568 935 1640 Dominus
951 1568 1028 1663 ipse
1048 1589 1195 1662 gregem
1221 1567 1396 1640 conforta-

306 1681 372 1763 ret,
401 1677 436 1742 et
463 1695 532 1766 qua
548 1679 670 1766 pastor
688 1671 845 1743 studium
872 1677 907 1740 et
920 1669 1140 1742 industriam.
1153 1691 1253 1740 suam
1275 1675 1394 1741 osten-

307 1773 419 1847 deret.
434 1775 605 1846 Ioannem
622 1796 708 1845 vero
734 1796 806 1844 non
832 1773 1023 1864 dubitasse,
1050 1772 1224 1842 Dominus
1243 1777 1395 1844 testatur

308 1873 441 1968 dicens,
461 1899 541 1947 eum
558 1898 638 1946 esse
651 1875 733 1970 plus
760 1898 865 1968 quam
882 1876 1103 1969 prophetam.
1128 1874 1177 1946 Et
1195 1873 1225 1944 si
1241 1873 1395 1945 Ioannes

303 1977 386 2073 plus
414 1984 501 2070 erat,
528 1998 634 2071 quarn
660 1977 845 2072 propheta,
880 1983 1033 2070 quantus
1063 1976 1132 2048 erit
1164 1975 1277 2046 honor
1302 1975 1392 2071 ejuS,

304 2103 414 2172 quum
433 2086 546 2150 status
563 2070 792 2175 propheticus
813 2078 889 2173 Jam
908 2078 1039 2172 gradus
1057 2078 1169 2171 major
1196 2083 1251 2148 est
1276 2077 1314 2148 in
1331 2101 1395 2172 ge-

302 2203 389 2252 nere
407 2181 592 2254 humano?
618 2181 715 2252 Num
740 2181 890 2251 forsitan
913 2187 1061 2276 propter
1088 2178 1322 2250 sacerdotium
1343 2179 1396 2251 ita
1428 2213 1430 2216 ·

287 2304 388 2355 ‚eum
406 2283 547 2354 vocavit
580 2282 780 2354 Dominus?
818 2281 889 2354 Sed
907 2303 998 2374 ecoe,
1024 2281 1146 2376 plures
1167 2281 1229 2352 alii
1263 2281 1396 2354 daban·-

305 2389 364 2456 tur
393 2387 606 2456 sacerdotes.
633 2386 710 2457 Aut
735 2390 882 2478 propter
907 2383 1131 2479 prophetiam
1150 2385 1225 2480 ejus
1246 2383 1297 2454 ita
1314 2407 1394 2458 cum

305 2487 475 2558 vocavit?
495 2487 566 2558 Sed
585 2492 740 2558 erant-et
758 2485 880 2580 plures
897 2486 1103 2580 prophetae.
1193 2561 1206 2585 .

326 2626 328 2633 v
409 2586 507 2674 Quae
522 2595 576 2659 est
590 2610 675 2681 ergo
694 2587 977 2682 gloria-Ioannis,
990 2611 1061 2682 qua
1073 2609 1196 2672 omnes
1210 2611 1255 2659 ex
1268 2587 1395 2660 mulie-

306 2711 347 2761 re
366 2695 470 2760 natos
488 2697 733 2784 transgressus
757 2689 840 2761 est?
867 2691 967 2762 Haec
979 2689 1141 2782 forsitan,
1160 2689 1243 2784 quia
1261 2691 1399 2762 dictum

307 2796 386 2862 est:
405 2791 524 2862 Ecce
545 2793 681 2863 mitto
703 2791 921 2884 angelum
942 2815 1086 2863 meum
1108 2799 1215 2864 ante
1237 2800 1292 2865 te.
1309 2793 1394 2865 Non

305 2891 422 2964 solum
440 2916 568 2964 nomen
586 2893 705 2988 angeli
723 2893 859 2989 aceepit
885 2894 1003 2965 sedet
1028 2895 1164 2968 actibus
1184 2895 1257 2967 suis
1280 2918 1321 2966 eo
1341 2895 1394 2966 di-

310 3018 422 3088 gnum
435 3017 473 3066 se
488 2995 660 3068 exhibuit.
687 2996 725 3068 si
750 2999 841 3068 bene
862 2997 1077 3090 consideras,
1096 2998 1172 3092 ejus
1189 2997 1303 3070 honor
1320 3019 1395 3070 non

306 3103 361 3167 est
377 3095 493 3168 minor
506 3097 639 3169 honore
654 3097 878 3193 angelorum,
886 3099 970 3193 quia
982 3105 1097 3170 totum
1109 3099 1281 3172 mundum
1295 3121 1396 3194 spre-

201 3240 205 3247 ·
304 3197 359 3270 vit
375 3205 410 3269 et
428 3198 641 3273 coelestibus
660 3199 794 3272 servire
813 3201 959 3271 studuit.
987 3201 1027 3272 si
1044 3201 1212 3296 opponis:
1244 3225 1258 3259 u
1275 3203 1394 3274 Etiam

308 3299 402 3372 inter
421 3300 605 3373 duodecim
631 3301 823 3397 prophetas
842 3325 934 3372 unus
955 3309 1102 3373 vocatus
1125 3309 1211 3376 est„
1241 3305 1395 3400 angelus

306 3423 407 3472 meus
421 3401 448 3494 ²,
465 3405 674 3498 respondeo,
700 3404 795 3475 huno
813 3403 1057 3498 aparentibus
1076 3405 1149 3476 suis
1170 3405 1221 3476 ita
1236 3409 1396 3478 nomina·

305 3509 382 3575 tum
401 3525 491 3596 esse,
511 3505 615 3578 sicuti
632 3505 759 3577 ceteris
777 3504 979 3578 hominibus
1005 3529 1135 3577 nomen
1153 3507 1266 3580 datur.
1284 3508 1396 3581 Aliud

306 3611 362 3678 est
378 3628 519 3700 nomen,
533 3608 658 3702 quoda
675 3608 883 3703 parentibus
902 3607 1017 3702 datur,
1031 3607 1128 3681 aliud
1141 3633 1270 3682 nomen
1287 3611 1397 3682 hono·

387 3883 414 3938 1.
434 3880 521 3938 Haec
542 3882 696 3940 sententia
715 3881 746 3938 in
767 3883 832 3942 eod.
844 3882 873 3940 A
894 3885 925 3941 et
938 3885 1029 3942 textu
1043 3883 1194 3960 impresso
1213 3881 1396 3942 adverbum

309 3955 354 4014 sio
367 3957 518 4017 habetur:
540 3961 609 4016 “Et
622 3961 686 4017 tres
699 3964 814 4036 partes,
837 3979 912 4036 quas
934 3961 1018 4020 dedit
1037 3962 1099 4020 fida
1119 3963 1255 4038 pignora,
1276 3962 1396 4037 accepit

310 4051 367 4109 pro
381 4037 480 4094 tribus
493 4053 532 4109 „3
548 4037 579 4096 et
592 4037 623 4094 in
638 4040 706 4096 cod.
719 4039 744 4095 B
757 4058 764 4095 :
779 4039 847 4095 “Et
861 4043 925 4098 tres
938 4044 1054 4115 partes,
1071 4057 1147 4114 quas
1163 4039 1256 4113 dedit,
1278 4039 1339 4096 fida
1352 4041 1397 4116 pi·

310 4129 409 4186 gnara
421 4114 559 4190 occoepit
572 4133 628 4192 pro
652 4117 751 4174 tribus
763 4156 792 4192 „.
813 4117 851 4173 In
864 4119 1006 4176 versione
1017 4134 1079 4176 non
1094 4115 1201 4192 rerba,
1217 4117 1271 4176 sed
1285 4133 1395 4176 sensus

311 4207 478 4266 expressus
494 4195 551 4248 est.

320 4320 324 4326 .
356 4267 489 4404 ‘fihtSa
502 4268 666 4329 Malachias
680 4269 840 4348 propheta,
855 4273 944 4348 cujus
956 4289 1067 4331 nomen
1081 4274 1100 4309 “
1112 4269 1240 4348 angelus
1254 4270 1341 4350 Dei„
1357 4272 1396 4332 si·

312 4359 364 4420 gur
388 4363 447 4406 ea.
