3260 5020
343 311 412 384 218

345 467 436 538 rum,
449 449 488 516 ut
504 441 612 516 illud:
635 463 650 498 α
664 443 702 517 Si
719 442 769 516 ibi
786 445 977 518 manebunt
995 442 1115 515 decem
1127 443 1196 518 viri
1210 483 1224 519 a
1239 443 1263 517 ¹.
1283 445 1422 543 Aqui·

344 547 416 620 las
442 553 559 619 autem
584 545 757 626 Dominus
791 547 986 644 appellavit
1011 547 1151 642 hosteS,
1178 547 1241 645 qui
1277 549 1423 623 venient

284 651 286 658 “
344 657 467 724 contra
484 647 575 722 han'o
591 652 725 745 urbem,
743 673 834 748 quae
851 651 930 749 ipsa
946 657 1001 723 est
1018 650 1179 744 cadaver,
1198 653 1423 750 quemadmo-

345 754 429 826 dum
446 761 483 826 et
500 754 651 827 dicitur:
677 754 912 829 “Velooiores
941 761 1024 827 sunt
1049 755 1132 850 equi
1149 756 1237 853 ejus,
1255 781 1361 854 quam
1388 781 1425 830 a·

345 857 463 954 quilae
481 897 496 932 n
512 858 539 930 ².
558 858 632 930 Alii
647 859 690 930 de
709 881 855 956 corpore
869 865 905 931 et
922 859 1039 930 anima
1054 861 1121 930 hoo
1134 861 1325 956 explicant.
1352 861 1423 933 Ite-

342 987 424 1035 rum
440 962 477 1036 id
495 962 709 1058 intelligitur
726 961 769 1034 de
789 963 858 1035 fine
878 962 1097 1058 mundique
1114 963 1220 1038 timor
1238 970 1274 1036 et
1291 971 1424 1037 tremor

342 1066 455 1140 irruet
481 1065 518 1138 in
544 1089 665 1138 omnes
690 1065 920 1160 homines,.ut
946 1065 1017 1140 sint
1041 1066 1168 1162 parati,
1196 1067 1288 1141 sicut
1313 1066 1420 1140 dicit:

345 1192 362 1227 α
378 1170 458 1243 Sint
474 1170 586 1244 lumbi
602 1169 713 1244 vestri
730 1169 922 1266 praecincti
938 1209 953 1244 a
969 1168 997 1245 ⁵.
1015 1173 1091 1245 Aut
1108 1170 1151 1242 de
1163 1171 1261 1268 justo
1280 1178 1316 1244 et
1341 1193 1422 1268 peo-

341 1281 460 1350 oatore
478 1274 545 1348 hoo
562 1273 668 1368 valet,
686 1273 769 1370 quia
793 1281 919 1347 neuter
938 1297 975 1346 se
1005 1274 1135 1371 poterit
1162 1275 1326 1349 liberare.
1345 1273 1422 1346 Mo·

307 1395 309 1402 ’
343 1377 454 1451 linem
474 1377 669 1476 appellavit
694 1378 874 1474 mundum,
893 1377 1029 1474 aquilas
1046 1399 1131 1451 nero
1148 1379 1215 1452 alis
1233 1379 1307 1452 suis
1332 1377 1423 1450 cele·

344 1483 443 1556 ribus
455 1483 572 1578 justos
589 1481 738 1554 vocavit.
763 1480 878 1569 Qui's
897 1482 991 1554 erit
1016 1488 1311 1580 procurator,
1334 1485 1431 1555 ser·'

343 1611 427 1659 vus
453 1586 641 1678 fidelis,
668 1585 915 1659 beneficus
943 1593 988 1658 et
1014 1586 1207 1682 sapiens
1226 1584 1268 1656 ¹⁸?
1291 1585 1422 1674 Quam-

667 1665 918 1686 W

341 1691 397 1764 vis
413 1692 501 1764 haec
518 1689 636 1763 omnia
656 1690 829 1762 Dominus
848 1691 891 1762 de
909 1713 950 1763 eo
967 1695 1117 1763 testatus
1137 1690 1184 1762 sit
1201 1689 1228 1782 ⁵,
1246 1697 1373 1785 tamen,
1393 1689 1425 1762 si

85 1859 89 1880 ,
227 1817 228 1820 ’
344 1818 417 1868 non
429 1794 498 1866 erit
515 1794 632 1867 fidelis
650 1794 687 1865 in
701 1794 752 1865 eis
765 1817 855 1889 quae
873 1795 906 1866 ei
923 1795 1111 1866 commissa
1129 1802 1222 1889 sunt,
1237 1817 1335 1866 eum
1352 1797 1422 1868 ab·

345 1899 536 1972 scindet
560 1897 769 1991 medium,
789 1905 833 1971 et
859 1899 1103 1996 separabit
1129 1921 1227 1972 eum
1254 1904 1299 1970 et
1324 1922 1424 1994 par-

343 2010 434 2074 tem
461 2003 562 2098 ejus
588 2007 731 2099 ponet
756 2025 853 2074 eum
878 2001 1151 2098 hypocritis
1177 2007 1222 2074 et
1258 2001 1426 2074 infide-

335 2106 484 2198 libus,
522 2113 567 2178 et
592 2105 658 2179 ibi
694 2106 790 2178 erit
828 2105 869 2178 ei
910 2106 1061 2180 fletus
1100 2104 1425 2199 QOQel

343 2210 529 2284 stridor
557 2209 777 2282 dentium.

448 2313 663 2409 Quinque
693 2336 748 2386 ex
775 2313 843 2386 eis
870 2320 1005 2386 erant
1030 2313 1188 2388 fatuae
1215 2317 1261 2384 et
1294 2310 1425 2409 quin-

336 2437 431 2514 ·que
458 2417 724 2514 prudentes
747 2416 881 2514 (Maru.
896 2420 952 2513 25,
969 2418 1079 2513 1-14).
1107 2417 1177 2492 Sed
1197 2415 1424 2514 prudentiam

337 2545 417 2593 mon
434 2521 571 2595 vocavit
589 2544 712 2594 earum
724 2520 977 2616 virginitatem,
991 2521 1074 2618 quia
1087 2544 1207 2594 omnes
1225 2519 1310 2593 illae
1324 2525 1426 2592 erant

337 2618 513 2721 ¹virgines,
533 2623 595 2697 sed
622 2648 743 2698 earum
770 2647 879 2722 opera
903 2627 995 2699 bona
1019 2625 1159 2699 vocavit
1188 2623 1425 2722 prudentiam.

344 2728 389 2801 si·
410 2728 505 2802 enim
531 2728 709 2802 sanctitati
735 2729 943 2822 angelorum
973 2729 1132 2824 aequalis
1158 2735 1213 2802 est
1237 2727 1429 2823 virginitas

343 2839 417 2926 tua,
434 2831 515 2906 vide
548 2839 584 2904 et
610 2833 726 2904 animo
751 2831 944 2931 perpende,
970 2833 1178 2928 angelorum
1204 2831 1425 2906 sanctitatem

342 2961 469 3034 puram
487 2959 565 3008 esse
583 2938 627 3010 ab
644 2935 778 3010 invidia
794 2945 831 3008 et
848 2936 927 3009 aliis
944 2937 1052 3011 vitiis.
1079 2935 1192 3010 Sicuti
1212 2934 1330 3010 uicisti
1355 2935 1428 3008 for-

343 3040 567 3133 nicationem,
585 3041 636 3112 ita
653 3063 750 3136 cave,
767 3063 812 3112 ne
830 3040 1105 3114 murmuratione
1124 3046 1160 3112 et
1185 3041 1239 3114 ira
1259 3038 1423 3113 vincaris

446 3145 550 3237 Item,
576 3144 637 3241 qui
665 3144 853 3217 talenta
879 3143 1187 3240 sua(Mrrn.25,
1207 3143 1332 3237 15-30)
1354 3165 1426 3215 non

336 3245 498 3320 'reddidit
514 3247 703 3343 fructuosa,
716 3249 760 3321 ab
779 3271 820 3319 eo
834 3248 926 3320 dona
941 3247 1119 3320 fructuum
1136 3255 1306 3346 tanquam
1319 3271 1342 3319 a
1353 3252 1426 3318 ter·

343 3374 385 3424 ra
398 3351 512 3424 sterili
529 3351 646 3425 ablata
664 3359 755 3424 sunt.
774 3351 932 3446 Terram,
946 3351 989 3423 de
1004 3375 1074 3446 qua
1086 3352 1195 3424 dixit:
1213 3352 1423 3426 «Abscon-

342 3454 407 3529 dit
423 3455 558 3530 illud„
576 3455 793 3552 comparavit
806 3477 885 3527 cum
898 3454 961 3528 illa
973 3460 1080 3550 terra,
1090 3478 1182 3552 quae
1191 3455 1345 3528 fructum
1353 3476 1424 3526 non

346 3559 454 3634 dedit.
485 3560 687 3633 Auferte
715 3561 768 3632 ab
794 3557 882 3631 illo
909 3559 1160 3654 talentum,
1182 3559 1205 3633 i.
1237 3582 1267 3632 e.
1298 3556 1427 3650 fidem,

344 3663 428 3764 quia
444 3663 555 3737 vitam
567 3664 701 3760 justam
718 3662 801 3736 fidei
820 3663 887 3737 sibi
912 3687 983 3736 non
1008 3662 1207 3758 aequisivit.
1227 3664 1310 3738 Non
1326 3660 1365 3732 in'
1382 3683 1424 3732 eo

275 3866 278 3873 Ι
344 3768 407 3864 qui
423 3769 577 3866 quinque
603 3767 739 3842 talenta
765 3774 958 3866 acceperat,
984 3765 1157 3840 Dominus
1186 3765 1342 3842 ostendit
1367 3787 1424 3838 re·

427 4021 453 4076 1.
474 4019 548 4077 aua.
565 4019 611 4090 18,
626 4020 673 4076 aa.

423 4099 452 4154 a.
473 4098 579 4170 mat,
596 4099 642 4154 13.

423 4179 451 4233 3.
471 4175 545 4234 Luc.
560 4177 606 4248 12,
620 4176 668 4233 35.

426 4256 453 4312 4.
473 4255 509 4314 In
525 4251 590 4314 cod.
605 4253 626 4308 Β
638 4274 645 4312 :
663 4252 797 4328 “fidelia
811 4251 932 4330 sapiens
946 4257 978 4313 et
991 4251 1148 4314 beneficus
1160 4283 1187 4317 a.

426 4333 454 4392 5.
475 4333 524 4392 Sic
537 4332 633 4393 verba
647 4348 680 4392 se
696 4333 820 4391 habent.
834 4333 946 4392 Sensus
962 4337 1027 4392 est:
1041 4333 1129 4392 Licet
1149 4347 1269 4406 servus,
1281 4327 1349 4407 ipso
1361 4329 1424 4390 Do·

346 4413 426 4475 mino
440 4417 530 4491 teste,
544 4412 653 4487 fidelis,
667 4411 822 4473 beneficus
837 4415 868 4472 et
881 4413 1003 4491 sapiens
1016 4411 1065 4488 sit,
1079 4415 1182 4472 tamen
1197 4415 1258 4472 eta
