3260 5020
1244 289 1314 362 265

223 412 506 506 temperantiam.
522 413 580 486 lto
599 411 630 484 si
646 410 873 508 persequitur
888 418 923 482 te
942 409 1127 508 injustitia,
1145 415 1314 490 confitere

205 511 407 610 justitiam,
428 515 458 588 si
477 513 681 612 possidendi
698 511 820 606 libido,
840 514 1007 586 confitere
1031 515 1235 612 Dominum,
1254 521 1315 615 qui

222 638 406 714 possessor
426 625 481 690 est
512 617 669 690 amnium
687 639 816 688 rerum.
837 617 968 690 Omnes
990 617 1051 688 isti
1068 629 1316 712 persecutores

222 727 400 816 martyres
419 725 683 818 persequuntur
701 719 738 790 in
756 719 836 814 ipsa
853 727 950 814 pace'.
979 719 1071 807 Quia
1088 720 1125 793 hi
1152 723 1316 799 vicerunt

222 822 260 894 in
277 823 501 896 'absconditis
518 821 837 919 persecutionibus,
854 822 1012 894 coronati
1030 830 1113 896 sunt
1140 825 1177 896 in
1203 829 1316 900 mani·

199 925 333 999 'festis
352 927 492 998 Exerce
519 935 554 998 te
581 925 619 996 in
639 924 707 1018 his,
725 948 827 1023 quae,
843 925 1049 998 abscondita
1077 934 1171 1022 sunt,
1198 937 1237 1002 ut
1265 929 1315 1003 sic
1390 949 1392 954 '

193 1028 195 1033 ’
223 1027 349 1101 valeas
364 1030 533 1128 resistcre
551 1027 615 1120 cis,
634 1051 724 1122 quae
741 1027 860 1124 palam
880 1034 972 1100 sunt.
992 1029 1031 1101 Si
1049 1029 1143 1102 enim
1170 1031 1208 1104 in
1234 1057 1315 1130 per-

225 1131 477 1227 secutionibus,
505 1154 606 1228 quac.
624 1131 719 1202 intra
754 1139 790 1202 tc
825 1137 918 1223 sunt,
946 1131 1112 1223 vinceris,
1135 1137 1314 1230 quomodo

225 1257 351 1330 speras
366 1241 403 1306 te
422 1235 599 1308 victurum
622 1257 701 1306 esec
720 1233 757 1304 in
774 1233 1092 1329 persecutionibus
1110 1261 1200 1332 quae
1232 1248 1316 1328 sunt

221 1343 328 1412 extra
345 1337 407 1408 te?

325 1438 441 1536 Major
459 1446 514 1512 est
533 1440 663 1536 injuria
688 1439 803 1512 crucis
830 1439 994 1512 omnibus
1020 1438 1161 1535 injuriis
1188 1442 1225 1514 in
1252 1469 1314 1540 pc·

223 1539 318 1636 pulis
346 1549 383 1614 ct
418 1543 719 1638 generationibus.
756 1540 859 1632 Quod
887 1541 917 1614 si
943 1564 1040 1614 mors
1068 1543 1169 1616 Adae
1202 1552 1315 1619 totum

225 1667 339 1738 genus
357 1645 552 1718 humanum
568 1651 682 1718 morte
700 1644 829 1739 affecit,
846 1645 927 1738 quis
950 1651 1090 1742 poterat
1119 1649 1314 1722 consistere

224 1769 341 1819 coram
359 1772 492 1844 magna
515 1747 584 1821 hac
608 1748 739 1843 injurio
765 1748 910 1820 Domini
938 1748 1114 1842 gloriosi?
1134 1751 1173 1822 Si
1195 1751 1234 1822 in
1251 1753 1316 1826 illa

223 1850 312 1924 hora
331 1851 512 1946 justitia-a
529 1850 773 1924 misericordia
798 1867 869 1923 non
895 1851 1114 1951 recessisset,
1141 1854 1220 1950 quis
1242 1857 1315 1929 vim

217 1953 380 2048 justitiae
409 1957 586 2026 sustinere
612 1954 816 2048 potuisset?
834 1955 881 2026 Et
902 1955 982 2050 quis
1009 1955 1110 2026 nobis
1138 1958 1313 2054 propitius

224 2064 330 2150 esset,
349 2057 419 2129 nisi
437 2057 682 2131 misericordia
698 2057 799 2128 nobis
818 2056 1043 2129 dimitteret?
1065 2059 1192 2154 Itaque
1209 2061 1315 2133 mise-

224 2157 378 2232 ricordia
394 2159 431 2232 in
458 2183 523 2233 nos
549 2160 705 2258 propitia
721 2159 799 2250 fuit,
818 2159 903 2230 dum
932 2159 1108 2233 Dominus
1135 2162 1315 2257 pendebat

223 2261 260 2334 in
276 2262 388 2359 ligno,
407 2269 443 2334 et
459 2271 607 2361 propter
625 2263 795 2334 honorem
807 2261 969 2358 justitiae
996 2263 1119 2358 rejecit
1138 2271 1173 2336 et
1204 2289 1313 2360 nega·

223 2364 275 2438 vit
293 2367 445 2439 scientes
464 2373 500 2438 et
516 2366 658 2442 vocavit
674 2365 882 2437 nescientes.
905 2387 920 2422 e
938 2366 1185 2463 Nesciunt,
1203 2369 1313 2464 quid

199 2465 200 2472 ’
224 2463 449 2542 ιιι1ιιιιιι.
468 2470 640 2542 Attamen
659 2467 800 2566 justitia
826 2467 902 2562 eJ'us
929 2468 967 2540 in
992 2469 1162 2566 parabola
1187 2472 1313 2546 vincae

222 2580 455 2666 praevertens
480 2577 611 2644 testata
636 2579 692 2646 est
718 2579 754 2644 et
776 2570 867 2643 nos¹
890 2572 1010 2667 arguit
1036 2573 1181 2646 dicens:
1209 2573 1315 2649 “Co-

221 2672 295 2746 loni
313 2675 504 2748 haeredem
522 2674 648 2747 vincae
667 2683 911 2768 cognoverunt
928 2713 956 2750 ι.
979 2677 1063 2748 Νοιι
1080 2677 1186 2770 enim,
1204 2701 1314 2771 quum

219 2775 347 2868 haeres
373 2777 587 2870 advenisset,
606 2777 669 2850 sed
696 2776 780 2850 dum
808 2777 923 2850 adhuc
947 2777 1054 2872 longe
1076 2779 1228 2872 abesset,
1255 2803 1314 2852 co-

218 2879 423 2974 gitaverunt
450 2903 530 2952 curn
559 2879 731 2972 occidere,
750 2886 789 2950 ut
804 2878 1007 2952 haereditas
1032 2879 1070 2950 in
1097 2886 1191 2952 sorte
1219 2882 1313 2978 ipsc—

217 3005 300 3055 rum
319 2990 488 3056 maneret.

322 3086 371 3158 Et
356 3092 434 3158 tne
452 3086 532 3182 quis
550 3086 791 3180 insurgerete
794 3082 937 3178 tjustit
927 3107 999 3156 ram
1019 3084 1096 3180 ejus
1122 3083 1311 3180 impugna·

213 3196 285 3284 ret,
304 3199 340 3261 et
366 3189 646 3262 miscricordiam
672 3187 749 3284 ejus
776 3185 1042 3360 blasphemaret
1026 3186 1208 3259 tdiccns:
1236 3190 1313 3261 Nec

219 3245 361 3390 tenipus
387 3292 519 3365 advent
505 3300 563 3365 tus
582 3293 658 3388 ejus
685 3295 940 3386 cognoverunt,
958 3313 1024 3360 nec
1041 3287 1127 3383 quid
1154 3288 1206 3362 eis
1233 3315 1313 3408 pro·

221 3393 379 3489 desssts
370 3393 770 3486 1nttellexerun,etetcur
784 3415 822 3464 ss
840 3391 958 3488 ipsum
970 3389 1106 3566 populo
1124 3392 1239 3464 occult
1225 3393 1314 3467 tavit

220 3503 360 3592 ettgen
346 3497 440 3571 tibus
460 3521 497 3570 sc
516 3449 715 3572 revcldvit.
705 3495 722 3547 ⁹
740 3495 785 3569 ad
803 3495 921 3596 haec
906 3501 997 3592 Justr
999 3495 1050 3566 tia
1072 3495 1148 3592 ejus
1165 3515 1313 3591 respon·

221 3623 300 3674 sum
318 3599 425 3673 dedit
443 3599 501 3673 Ne
529 3601 608 3697 quis
630 3599 720 3697 justi
722 3585 808 3672 tiam
832 3590 908 3694 ejus
934 3597 1136 3694 inculparet
1139 3651 1147 3690 ‚
1166 3621 1313 3692 praeve·

218 3701 321 3776 niens
336 3709 395 3776 cst
379 3703 496 3776 tendit
497 3757 505 3796 ,
480 3704 617 3800 tquod
636 3726 717 3774 eum
734 3711 921 3794 noverunt,
940 3707 1042 3773 etut
1069 3699 1313 3774 misericordia

216 3805 295 3902 ejus
312 3813 459 3904 propter
485 3806 732 3878 remissionem
757 3811 794 3876 et
820 3803 943 3900 expiat
944 3803 1061 3876 ionem
1091 3803 1255 3876 laudaret
1241 3809 1311 3898 tur,

219 3907 322 4003 dixit,
340 3907 434 4004 quod
453 3931 534 3982 eum
551 3919 623 3982 non
640 3913 817 3983 noverunt
830 3903 855 3978 ².

297 4115 324 4170 1.
346 4113 395 4172 Sic
411 4114 540 4188 uterquc
554 4110 661 4172 codice
674 4111 779 4172 habet.
794 4113 831 4170 In
845 4110 912 4170 cod·
927 4112 955 4170 A
970 4111 1010 4170 ad
1029 4111 1197 4188 marginem
1220 4110 1313 4169 adno-

218 4191 315 4248 tatum
331 4195 388 4264 est,
402 4208 458 4266 pro
476 4207 584 4252 onos„
602 4190 764 4263 legendum
779 4208 848 4248 esse
867 4206 949 4249 ecem
963 4220 988 4252 ι.

296 4271 324 4326 2.
345 4269 382 4326 In
398 4269 465 4327 cod.
479 4269 522 4326 B:
541 4283 554 4315 u
572 4269 652 4344 quod
667 4288 736 4329 eum
750 4287 812 4328 non
835 4271 998 4340 noverunt,
1012 4286 1111 4344 neque
1140 4266 1212 4342 quid
1230 4265 1311 4324 facc-

218 4349 288 4404 rent
302 4351 408 4406 contra
424 4364 492 4404 eum
506 4377 531 4410 a·
870 4385 871 4388 ι
