3260 5020
331 299 403 372 266

438 425 976 526 Mariaperltvamtcseph
1003 426 1343 530 perJosephnm
1369 457 1427 508 ce·

335 534 494 608 lebratnr
510 533 535 628 ⁴,
554 532 638 628 quia
654 538 691 604 et
717 531 762 625 ei,
780 533 841 630 qui
867 533 971 630 petiit
999 557 1128 629 corpus
1154 537 1249 630 Iesu,
1274 537 1427 633 Josephi

333 659 464 710 nomen
490 643 576 729 erat.
603 634 708 707 Prior
734 635 914 732 Jcsephus
943 642 1020 710 erat
1046 643 1119 710 tam
1148 640 1281 735 justus,
1308 647 1349 712 ut
1375 641 1427 712 ait

334 738 530 835 Scriptura,
549 745 590 810 ut
620 761 692 810 non
710 737 923 810 'diffamaret
953 739 1105 812 Mariam
1124 740 1151 835 ²,
1183 747 1220 814 et
1249 741 1427 839 posterior

334 863 473 937 quoque
486 843 606 939 justus
625 847 713 933 erat,
731 841 815 936 quia
833 840 1146 916 calumniatoribus
1163 843 1201 916 in
1223 845 1371 918 consilio
1391 851 1428 918 et

332 944 501 1041 operibus
528 967 650 1016 eorum
681 965 751 1015 non
770 950 1006 1036 ¹consenserat
1022 943 1048 1016 ⁵.
1077 945 1216 1033 Quibus
1243 954 1426 1020 ostensum

333 1055 401 1142 est,
432 1049 527 1143 quod
558 1043 732 1118 Dominus
763 1046 909 1140 nomini,
939 1047 999 1120 cui
1028 1049 1193 1144 seprius
1224 1050 1426 1144 confideret,

333 1175 456 1248 quum¹
470 1155 686 1240 nasceretur,
706 1148 813 1220 etiam
831 1151 1017 1244 concessit,
1035 1158 1075 1223 ut
1101 1151 1220 1248 ipsum
1241 1152 1426 1226 involvere

335 1261 527 1348 mortuum,
545 1250 691 1324 utillud
709 1275 840 1323 nomen
856 1253 1049 1348 perfectam
1074 1254 1274 1328 mercedem
1291 1256 1426 1352 recipe·

335 1363 403 1450 ret,
422 1357 506 1452 quia
524 1356 557 1427 ei
576 1354 753 1428 serviebat
771 1353 809 1424 in
827 1356 1013 1430 nativitate
1041 1356 1079 1428 in
1097 1358 1334 1453 spelunca-et
1351 1381 1426 1431 ccr-

334 1483 402 1556 pus
421 1461 497 1556 ejus
516 1460 663 1531 curabat
685 1456 723 1528 in
742 1456 915 1552 sepulcro.

376 1586 379 1594 ·
440 1561 777 1656 Obsignarunt
802 1562 1076 1656 sepulcrum
1104 1562 1217 1658 ejus,
1240 1564 1335 1659 quod
1361 1585 1430 1660 pro

336 1663 481 1740 Christo
500 1672 536 1738 et
554 1669 678 1736 contra
695 1684 755 1734 eos
778 1663 916 1754 accidit,
933 1671 974 1737 ut
991 1664 1029 1737 in
1047 1665 1198 1738 Daniele
1218 1673 1254 1738 et
1279 1667 1426 1739 Lazaro.

335 1768 455 1857 Quum
472 1769 510 1840 in
528 1767 609 1838 lacu
625 1763 789 1838 Danielis
808 1761 966 1860 sigillum
985 1791 1089 1840 suum
1107 1768 1282 1862 riderent,
1299 1791 1428 1863 cogno·
1560 1765 1566 1774 “

334 1894 434 1945 scere
452 1851 627 1968 polerant,
646 1868 763 1964 qualis
781 1870 941 1964 potentia
965 1866 1181 1944 liberaverat
1207 1895 1289 1944 enm
1311 1871 1374 1966 qui
1390 1871 1428 1943 in

332 1974 414 2047 lacu
431 1981 518 2068 erat,
535 1979 572 2045 et
589 1971 811 2045 intuentibus
838 1980 978 2068 portam
1006 1973 1162 2070 sepulcri
1192 1975 1328 2048 clarum
1349 1973 1429 2046 fieri

334 2075 468 2171 debuit,
484 2077 609 2149 adesse
628 2073 833 2171 potentiam,
852 2075 910 2148 cui
928 2076 1047 2148 omnia
1075 2083 1159 2148 sunt
1183 2076 1312 2150 facilia.
1341 2074 1428 2149 Gor-

334 2203 402 2275 pus
421 2204 524 2252 suum
552 2201 598 2250 ex
617 2177 781 2273 sepulcro
808 2177 948 2272 signato
975 2179 1100 2252 eduxit
1123 2187 1159 2252 et
1186 2179 1345 2275 sigillum
1373 2201 1427 2251 se·

333 2281 450 2380 pulcri
474 2281 577 2354 testis
604 2281 712 2352 fiebat
738 2279 859 2374 sigillo
886 2282 992 2375 uteri,
1029 2307 1134 2378 quem
1162 2281 1425 2377 obsignaverat.

334 2384 453 2473 Quum
481 2385 669 2480 obsignata
695 2389 791 2454 esset
806 2383 996 2479 virginitas
1015 2385 1109 2460 uteri
1140 2393 1176 2457 et
1203 2383 1368 2483 aepulari,
1387 2384 1427 2454 fi-

334 2487 404 2560 lius
422 2487 491 2560 Dei
517 2487 591 2559 vivi
624 2485 706 2557 inde
739 2485 862 2578 exivit,
880 2494 916 2559 et
945 2488 1133 2584 utrobique
1165 2487 1427 2585 primogenitus

335 2589 459 2681 evasit.
478 2588 588 2684 Lapis
606 2587 744 2684 positus
770 2594 826 2660 est
853 2589 899 2660 ad
920 2591 1050 2663 ostium
1078 2591 1245 2688 sepulcri,
1266 2590 1360 2687 lapis
1379 2589 1425 2662 ad

334 2691 500 2788 lapidem,
519 2699 558 2762 nt
575 2690 667 2788 lapis
686 2689 882 2763 custodiret
907 2692 1075 2790 lapidem,
1093 2717 1199 2790 quem
1226 2695 1427 2791 rejecerunt
1555 2761 1557 2765 ,

333 2795 571 2868 aedificantes.
590 2793 712 2889 Lapis,
730 2793 792 2888 qui
810 2795 973 2870 manibus
999 2797 1345 2893 apprehendebatur,
1363 2819 1425 2890 ap·

333 2897 489 2994 positum
521 2903 588 2988 est,
621 2903 661 2968 ut
691 2895 892 2969 includeret
921 2899 1025 2971 illum
1056 2899 1223 2996 lapidem,
1254 2898 1315 2995 qui
1346 2898 1424 2970 sine

334 3024 442 3073 manu
473 3001 616 3073 excisus
634 3005 699 3071 est.
731 2998 854 3095 Lapis,
874 3024 982 3098 super
1009 3025 1115 3097 quem
1142 3001 1292 3098 angelus
1321 2999 1424 3093 sedit,

333 3103 516 3200 appositus
535 3109 600 3196 est,
614 3109 653 3174 ut
669 3101 772 3174 illum
789 3103 945 3199 lapidem
963 3104 1173 3196 includeret,
1188 3129 1294 3203 quem
1311 3104 1424 3176 Jacob

336 3209 401 3279 sub
420 3207 534 3304 capite
554 3229 617 3277 suo
635 3204 765 3301 posuit.
783 3205 893 3302 Lapis
912 3207 1031 3302 sigillo
1049 3207 1211 3282 firmatus
1239 3206 1424 3305 appositus

334 3314 401 3401 est,
419 3315 459 3380 ut
484 3308 679 3380 custodiret
705 3306 808 3379 illum
835 3309 1002 3405 lapidem,
1029 3312 1128 3408 cujus
1157 3310 1277 3406 sigillo
1300 3309 1425 3382 fideles

334 3411 592 3484 custodiuntur.
610 3410 713 3484 Exiit
738 3434 824 3505 ergo
851 3419 955 3508 porta
977 3413 1136 3486 vitae'ex
1161 3421 1267 3512 porta
1291 3411 1426 3502 mortis.

339 3537 354 3572 s
371 3515 472 3590 Haec
489 3521 555 3608 est,
569 3513 630 3607 ait,
644 3520 758 3609 porta,
775 3536 841 3610 per
858 3539 964 3610 quam
976 3515 1068 3612 justi
1084 3516 1219 3591 intrant
1235 3555 1250 3590 a
1264 3514 1289 3587 l.
1309 3514 1427 3602 Quum

335 3616 510 3690 Dominus
536 3617 695 3690 inclusus
723 3622 790 3710 est,
809 3617 916 3691 solvit
940 3618 1109 3714 inclusos,
1131 3626 1167 3692 et
1192 3641 1257 3715 per
1274 3622 1427 3690 mortem

333 3719 410 3818 ejus
429 3721 560 3794 mortui
576 3721 756 3814 vixerunt,
775 3742 840 3814 per
866 3743 990 3794 vocem
1008 3722 1084 3817 ejus
1111 3727 1269 3795 tacentes
1295 3719 1426 3792 clama-

333 3831 429 3918 runt,
447 3823 484 3896 in
502 3821 763 3898 resurrectione
777 3823 853 3920 ejus
871 3829 970 3897 terra
987 3830 1082 3897 mota
1100 3827 1165 3919 est,
1184 3831 1228 3896 et¹
1239 3821 1432 3920 egrediem·

334 3924 380 3997 do
394 3949 440 3998 ex
457 3927 622 4024 sepulcro
641 3932 766 4021 gentes
784 3925 823 3998 in
840 3927 1026 4000 ecclesiam
1044 3926 1256 4001 introduxit.

292 4169 296 4176 ·
416 4131 443 4186 1·
464 4127 600 4187 Verbum
614 4130 705 4205 hujus
720 4132 893 4192 sententias
907 4132 938 4191 in
954 4134 1084 4207 utroque
1100 4131 1206 4192 codice
1227 4112 1326 4189 deest·

412 4209 441 4264 2.
462 4205 560 4263 Mars.
577 4209 603 4282 1,
620 4210 666 4265 19.

412 4288 440 4342 3.
461 4283 533 4341 Luc.
547 4287 595 4357 23,
610 4285 710 4344 50-51.

409 4367 438 4422 4·
459 4362 570 4422 Psauu.
587 4366 653 4437 117,
667 4367 714 4423 20.
