3218 5026
328 335 370 404 16

326 471 422 538 trum
441 488 553 560 genus
580 462 761 536 declarare
780 469 815 534 et
833 463 1031 557 ostendere,
1051 469 1145 536 recte
1172 462 1300 560 aliquis
1319 465 1415 539 etde

328 591 458 663 genere
484 566 619 642 Mariae
646 574 842 664 quaereret.
870 566 988 655 Quum
1015 573 1133 640 autem
1153 565 1327 641 Dominus
1344 594 1417 644 uno
1522 631 1524 636 .
1602 549 1603 620 l

326 695 406 744 eum
419 695 529 767 regno
544 672 649 745 etiam
664 671 897 744 sacerdotium
910 674 1144 766 abrogaturus
1158 678 1262 764 esset,
1280 679 1415 746 utrum·

325 799 393 872 que
421 799 533 871 genus
562 775 668 848 simul
693 774 904 848 monstravit
928 776 1037 846 Iudae
1064 800 1129 872 per
1163 775 1355 872 Iosephum
1381 785 1417 850 et

328 879 417 952 Levi
443 903 508 976 per
535 879 687 952 Mariam
703 879 726 950 ⁴.
754 879 895 952 Rursus
922 878 1039 951 David
1064 887 1228 977 respectu
1254 880 1417 976 patris,a

326 1006 394 1079 qno
409 983 574 1056 Christus
593 985 748 1056 oriturus
772 989 859 1076 erat,
885 983 923 1053 iu
937 984 1128 1080 ‚prophetia
1145 985 1254 1056 dixit:
1276 984 1360 1056 “Tu
1378 1009 1416 1056 es

328 1087 490 1160 sacerdos
525 1088 564 1159 in
598 1095 780 1160 aeternum
817 1087 1009 1158 secundum
1038 1088 1203 1160 'ordinem
1228 1085 1417 1161 Melchise-

327 1191 417 1279 dech
430 1189 478 1268 ²22.
497 1191 642 1284 Quodsi,
660 1191 743 1287 quia
756 1189 939 1287 Scriptura
957 1190 1065 1262 dixit:
1087 1191 1301 1266 “Elisabeth
1315 1215 1416 1266 soror

326 1301 389 1366 tua
402 1335 430 1389 a,
444 1295 522 1368 ideo
535 1296 601 1367 hoc
615 1295 747 1366 dictum
761 1317 839 1366 esse
852 1300 968 1390 putas,
978 1302 1018 1366 ut
1031 1295 1326 1387 manifestaretur,
1340 1295 1416 1368 Ma-

222 1393 226 1400 ’
327 1399 417 1471 riam
436 1423 514 1472 esse
533 1423 578 1470 ex
596 1397 699 1470 domo
716 1397 817 1492 Levi,
835 1397 904 1470 alio
922 1398 1000 1470 loco
1017 1399 1140 1471 eadem
1162 1399 1346 1494 Scriptura
1364 1399 1415 1472 di-

326 1501 392 1596 xit,
409 1510 610 1598 utrumque,
627 1503 818 1598 Iosephum
832 1509 868 1573 et
880 1500 1043 1596 Mariam,
1061 1526 1139 1576 esse
1158 1527 1204 1575 ex
1223 1503 1325 1581 domo
1343 1503 1415 1576 Da-

328 1606 389 1678 vid
402 1605 427 1678 ³.
456 1607 527 1680 Sed
544 1629 615 1679 non
632 1607 724 1678 dixit
755 1605 904 1700 angelus
923 1605 967 1678 ad
984 1605 1158 1680 Mariam:
1185 1607 1241 1679 Tu
1259 1629 1298 1678 es
1315 1630 1416 1682 soror
1491 1655 1498 1661 -
1602 1619 1603 1694 ᾗ

328 1709 525 1804 Elisabeth,
544 1711 606 1782 sed
627 1709 844 1784 “Elisabeth
862 1733 960 1782 soror
978 1717 1039 1782 tua
1051 1709 1100 1785 ¹⁴22.

431 1815 470 1888 Si
486 1813 602 1886 Maria
619 1837 664 1886 ex
683 1814 752 1885 alio
771 1837 900 1909 genere
920 1821 1024 1908 esset,
1042 1815 1171 1889 falsum
1189 1822 1294 1908 esset,
1320 1805 1414 1911 quod

327 1917 477 1990 dicitur:
501 1941 553 1989 ee
580 1918 712 1990 domo
739 1917 895 1990 David
912 1957 941 2011 n,
969 1925 1004 1990 et
1021 1920 1115 2014 quod
1133 1919 1225 1992 dixit
1241 1919 1413 2014 angelus:

326 2021 468 2095 Dabit
504 2022 545 2094 ei
584 2021 809 2094 Dominus
845 2020 969 2094 Deus
1005 2024 1221 2098 thronum
1260 2023 1413 2096 David

325 2127 478 2222 patris
506 2125 588 2198 eui.
615 2125 751 2200 Mariae
770 2125 864 2197 filius
883 2133 948 2220 est,
966 2132 1002 2197 et
1018 2149 1090 2198 non
1107 2127 1261 2224 Iosephi.
1286 2127 1413 2223 ltaque

324 2250 396 2301 non
413 2229 554 2302 aliunde
573 2229 611 2302 in
629 2253 733 2302 carne
752 2227 927 2326 apparuit,
942 2254 1047 2326 quam
1065 2255 1111 2304 ex
1128 2231 1256 2325 David,
1275 2230 1413 2303 dicente

325 2334 530 2430 Scriptura:
562 2356 576 2391 o
595 2333 817 2406 Germinabit
833 2333 936 2428 virga
953 2357 999 2405 ex
1017 2334 1134 2408 radice
1152 2335 1262 2428 Iesse,
1284 2335 1414 2429 germi-

322 2438 421 2510 nabit
439 2445 474 2509 et
491 2438 632 2512 florebit
649 2437 714 2509 flos
737 2461 783 2508 ex
801 2437 918 2508 radice
937 2437 1012 2534 ejus
1027 2435 1052 2510 5.
1068 2439 1116 2510 Et
1133 2438 1327 2534 Apostolus
1341 2445 1413 2510 tes-

325 2546 439 2613 tatur:
460 2565 475 2599 e
492 2542 666 2613 Dominus
683 2548 804 2614 noster
830 2541 932 2613 lesus
952 2541 1115 2614 Christus
1142 2565 1189 2612 ex
1202 2540 1317 2614 Maria
1341 2541 1412 2614 fac-

325 2651 383 2718 tus
403 2653 467 2740 est,
486 2669 532 2717 ex
551 2645 683 2718 semine
702 2645 826 2717 domus
844 2643 989 2720 David„
1014 2652 1050 2717 et
1066 2645 1204 2742 reliqua
1217 2643 1244 2716 ⁶.
1270 2646 1411 2720 Rursus

323 2749 445 2823 scribit
462 2751 507 2822 ad
524 2749 769 2822 Timotheum:
800 2747 967 2822 “Memor
985 2757 1060 2821 esto
1077 2750 1162 2822 Iesu
1180 2748 1325 2844 Christi,
1352 2751 1413 2846 qui

322 2854 510 2927 amortuis
528 2852 736 2946 resurrexit,
755 2851 816 2948 qui
832 2851 944 2924 factus
964 2859 1019 2924 est
1037 2877 1083 2925 ex
1102 2853 1235 2926 semine
1253 2853 1370 2926 David
1383 2893 1412 2948 n,

325 2965 361 3030 et
386 2957 524 3054 reliqua
537 2957 564 3030 ⁷.
592 2957 705 3048 Porro
731 2956 942 3051 invenimus,
969 2980 1101 3052 genera
1125 2957 1235 3030 Iudae
1263 2963 1299 3028 et
1323 2957 1413 3030 Levi
1486 3009 1497 3024 .
1602 3009 1603 3060 3

404 3184 432 3236 1.
452 3177 580 3236 Mariam
594 3197 661 3237 cum
676 3173 760 3235 tribu
781 3175 858 3236 Levi
872 3177 1034 3254 cognatam
1047 3173 1152 3248 fuisse,
1175 3175 1204 3234 S.
1218 3176 1409 3252 Ephraemus
1435 3177 1438 3185 ‘

325 3257 476 3329 concedit,
491 3256 546 3314 sed
561 3275 627 3315 earn
642 3276 682 3316 ex
696 3256 753 3314 hac
768 3255 851 3314 tribu
862 3255 1060 3329 descendere,
1070 3255 1101 3312 in
1110 3255 1367 3332 praecedentibus
1379 3261 1411 3316 et

323 3335 520 3410 sequentibus
534 3337 627 3412 negat
641 3339 673 3394 et
687 3331 810 3394 refellit.

403 3416 431 3472 2.
451 3414 551 3474 David
565 3415 595 3472 in
607 3433 654 3491 ps.
670 3417 737 3486 109,
751 3415 778 3484 3,
793 3413 985 3489 praedicem,
997 3411 1111 3470 Christi
1126 3411 1332 3473 sacerdotium
1345 3433 1408 3474 non

324 3511 365 3552 ex
380 3493 486 3552 ordine
500 3494 616 3564 Aaron,
632 3493 686 3550 sed
700 3507 740 3548 ex
760 3492 864 3549 ordine
878 3491 1105 3550 Melchisedech
1124 3492 1259 3551 futurum
1276 3510 1354 3566 esse,
1370 3495 1409 3551 si·

322 3573 385 3632 mul
398 3571 590 3648 significavit,
605 3571 760 3630 Christum
775 3587 836 3627 non
850 3588 891 3628 ex
905 3570 987 3628 tribu
997 3569 1074 3628 Levi
1085 3572 1243 3648 oriturum,
1256 3572 1346 3634 immo
1361 3591 1409 3634 sa·

325 3651 493 3713 cerdotium
509 3652 601 3729 hujus
616 3651 715 3710 tribus
731 3647 949 3724 abrogaturum
964 3665 1042 3706 esse.
1075 3690 1079 3694 -

403 3734 431 3791 3.
451 3731 556 3790 Verba
568 3732 642 3790 Luc.
658 3732 691 3802 1,.
700 3731 754 3788 26:
773 3743 786 3774 o
800 3727 837 3787 de
850 3727 938 3788 domo
950 3727 1069 3792 David„
1085 3748 1147 3789 non
1160 3729 1199 3788 ad
1213 3729 1311 3788 solum
1322 3731 1408 3791 Iose-

321 3813 425 3889 phum,
440 3810 496 3867 sed
510 3813 542 3870 et
556 3810 594 3868 ad
608 3809 745 3884 Mariam,
759 3805 789 3866 S.
798 3808 987 3884 Ephraemus
1001 3807 1144 3866 retulisse
1158 3809 1288 3868 videtur.

402 3894 430 3948 4.
451 3889 565 3950 Sensus
579 3888 720 3948 fortassis
736 3890 802 3946 est:
823 3886 946 3946 Verba:
971 3887 1043 3944 “Tu
1058 3905 1091 3946 es
1107 3907 1196 3948 soror
1208 3885 1368 3947 Elisabeth
1380 3918 1407 3964 a,

323 3968 503 4043 indicarent,
522 3969 651 4026 Mariam
672 3967 759 4042 sequi
779 3967 991 4042 cognationem
1011 3966 1171 4026 Elisabeth
1189 3968 1209 4025 i.
1231 3986 1258 4028 e.
1285 3986 1304 4026 a
1323 3965 1407 4026 tribu

320 4047 398 4106 Levi
411 4049 608 4122 descendere,
619 4047 654 4103 ut
667 4046 844 4121 Elisabeth3
864 4047 961 4105 verba
974 4049 1095 4104 autem:
1119 4047 1303 4106 “Elisabeth
1317 4064 1407 4105 soror

321 4131 397 4188 tua„
414 4126 559 4198 indicant,
574 4125 735 4184 Elisabeth
746 4125 956 4201 cognationem
965 4125 1080 4184 Mariae
1093 4127 1189 4202 sequi,
1203 4140 1297 4202 quare
1310 4125 1406 4184 exeis
1515 4127 1518 4136 ’

322 4224 383 4265 nou
393 4206 570 4264 necessario
582 4204 789 4281 consequitur,
797 4205 923 4264 Mariam
935 4223 1056 4282 quoque
1068 4220 1108 4264 ex
1119 4206 1203 4266 tribu
1211 4203 1287 4266 Levi
1299 4203 1405 4263 fuisse.

332 4411 336 4418 .
402 4285 431 4421 i]
450 4285 613 4438 iiidie

403 4445 430 4500 7.
452 4443 484 4502 II
499 4443 565 4502 Tru.
580 4445 608 4514 2,
624 4444 651 4499 8.
