<?xml version="1.0" encoding="UTF-8"?>
<!DOCTYPE html PUBLIC "-//W3C//DTD XHTML 1.0 Transitional//EN"
    "http://www.w3.org/TR/xhtml1/DTD/xhtml1-transitional.dtd">
<html xmlns="http://www.w3.org/1999/xhtml" xml:lang="en" lang="en">
 <head>
  <title>
</title>
<meta http-equiv="Content-Type" content="text/html;charset=utf-8" />
  <meta name='ocr-system' content='tesseract 3.04.00' />
  <meta name='ocr-capabilities' content='ocr_page ocr_carea ocr_par ocr_line ocrx_word'/>
</head>
<body>
  <div class='ocr_page' id='page_1' title='image "./evangeliiconcor00msgoog_0252.png"; bbox 0 0 3260 5020; ppageno 0'>
   <div class='ocr_carea' id='block_1_1' title="bbox 1230 307 1300 378">
    <p class='ocr_par' dir='ltr' id='par_1_1' title="bbox 1230 307 1300 378">
     <span class='ocr_line' id='line_1_1' title="bbox 1230 307 1300 378; baseline 0.029 -2"><span class='ocrx_word' id='word_1_1' title='bbox 1230 307 1300 378; x_wconf 81' lang='grc'>229</span> 
     </span>
    </p>
   </div>
   <div class='ocr_carea' id='block_1_2' title="bbox 202 432 1357 942">
    <p class='ocr_par' dir='ltr' id='par_1_2' title="bbox 202 432 1357 844">
     <span class='ocr_line' id='line_1_2' title="bbox 202 432 1299 532; baseline -0.005 -22"><span class='ocrx_word' id='word_1_2' title='bbox 202 461 286 520; x_wconf 80' lang='lat' dir='ltr'>eum</span> <span class='ocrx_word' id='word_1_3' title='bbox 304 439 442 532; x_wconf 81' lang='lat' dir='ltr'>negabo</span> <span class='ocrx_word' id='word_1_4' title='bbox 461 475 475 512; x_wconf 73' lang='grc' dir='ltr'><strong><em>η</em></strong></span> <span class='ocrx_word' id='word_1_5' title='bbox 494 434 520 528; x_wconf 77' lang='lat'>⁴,</span> <span class='ocrx_word' id='word_1_6' title='bbox 535 440 571 508; x_wconf 91' lang='lat' dir='ltr'>et</span> <span class='ocrx_word' id='word_1_7' title='bbox 588 435 646 510; x_wconf 89' lang='lat' dir='ltr'>hio</span> <span class='ocrx_word' id='word_1_8' title='bbox 665 441 719 509; x_wconf 91' lang='lat' dir='ltr'>est</span> <span class='ocrx_word' id='word_1_9' title='bbox 736 434 842 509; x_wconf 91' lang='lat' dir='ltr'>timor</span> <span class='ocrx_word' id='word_1_10' title='bbox 851 438 893 510; x_wconf 84' lang='lat' dir='ltr'>‚et</span> <span class='ocrx_word' id='word_1_11' title='bbox 912 437 1046 508; x_wconf 87' lang='lat' dir='ltr'>tremor</span> <span class='ocrx_word' id='word_1_12' title='bbox 1065 433 1263 508; x_wconf 90' lang='lat' dir='ltr'>infidelium</span> <span class='ocrx_word' id='word_1_13' title='bbox 1273 432 1299 504; x_wconf 71' lang='lat'>².</span> 
     </span>
     <span class='ocr_line' id='line_1_3' title="bbox 203 536 1357 634; baseline -0.005 -21"><span class='ocrx_word' id='word_1_14' title='bbox 203 538 277 614; x_wconf 90' lang='lat' dir='ltr'>Per</span> <span class='ocrx_word' id='word_1_15' title='bbox 303 565 413 612; x_wconf 89' lang='lat' dir='ltr'>unum</span> <span class='ocrx_word' id='word_1_16' title='bbox 440 562 526 634; x_wconf 84' lang='lat' dir='ltr'>ergo</span> <span class='ocrx_word' id='word_1_17' title='bbox 553 539 771 631; x_wconf 84' lang='lat' dir='ltr'>eonfitemur,</span> <span class='ocrx_word' id='word_1_18' title='bbox 800 561 844 609; x_wconf 91' lang='lat' dir='ltr'>ne</span> <span class='ocrx_word' id='word_1_19' title='bbox 871 559 935 608; x_wconf 91' lang='lat' dir='ltr'>nos</span> <span class='ocrx_word' id='word_1_20' title='bbox 962 561 1063 611; x_wconf 88' lang='lat' dir='ltr'>error</span> <span class='ocrx_word' id='word_1_21' title='bbox 1088 559 1109 610; x_wconf 84' lang='lat' dir='ltr'>n</span> <span class='ocrx_word' id='word_1_22' title='bbox 1132 536 1303 634; x_wconf 83' lang='lat' dir='ltr'>charitate</span> <span class='ocrx_word' id='word_1_23' title='bbox 1355 554 1357 560; x_wconf 79' lang='grc'>’</span> 
     </span>
     <span class='ocr_line' id='line_1_4' title="bbox 203 639 1296 738; baseline -0.003 -24"><span class='ocrx_word' id='word_1_24' title='bbox 203 643 281 738; x_wconf 87' lang='lat' dir='ltr'>ejus</span> <span class='ocrx_word' id='word_1_25' title='bbox 300 641 514 735; x_wconf 71' lang='lat' dir='ltr'>divellatet</span> <span class='ocrx_word' id='word_1_26' title='bbox 531 664 595 737; x_wconf 89' lang='lat' dir='ltr'>per</span> <span class='ocrx_word' id='word_1_27' title='bbox 613 641 768 714; x_wconf 86' lang='lat' dir='ltr'>alterum</span> <span class='ocrx_word' id='word_1_28' title='bbox 785 663 858 712; x_wconf 90' lang='lat' dir='ltr'>non</span> <span class='ocrx_word' id='word_1_29' title='bbox 875 639 1095 734; x_wconf 86' lang='lat' dir='ltr'>eonfitemur,</span> <span class='ocrx_word' id='word_1_30' title='bbox 1109 663 1154 712; x_wconf 92' lang='lat' dir='ltr'>ne</span> <span class='ocrx_word' id='word_1_31' title='bbox 1172 661 1296 734; x_wconf 87' lang='lat' dir='ltr'>euper-</span> 
     </span>
     <span class='ocr_line' id='line_1_5' title="bbox 205 743 1046 844; baseline -0.004 -25"><span class='ocrx_word' id='word_1_32' title='bbox 205 745 264 819; x_wconf 90' lang='lat' dir='ltr'>bia</span> <span class='ocrx_word' id='word_1_33' title='bbox 280 745 435 844; x_wconf 80' lang='lat' dir='ltr'>fructum</span> <span class='ocrx_word' id='word_1_34' title='bbox 453 745 626 817; x_wconf 89' lang='lat' dir='ltr'>bonorum</span> <span class='ocrx_word' id='word_1_35' title='bbox 646 745 721 839; x_wconf 89' lang='lat' dir='ltr'>ejus</span> <span class='ocrx_word' id='word_1_36' title='bbox 740 767 761 816; x_wconf 83' lang='lat' dir='ltr'>a</span> <span class='ocrx_word' id='word_1_37' title='bbox 778 743 880 816; x_wconf 86' lang='lat' dir='ltr'>nobis</span> <span class='ocrx_word' id='word_1_38' title='bbox 899 743 1046 816; x_wconf 80' lang='lat' dir='ltr'>auferat.</span> 
     </span>
    </p>

    <p class='ocr_par' dir='ltr' id='par_1_3' title="bbox 307 841 1301 942">
     <span class='ocr_line' id='line_1_6' title="bbox 307 841 1301 942; baseline -0.007 -20"><span class='ocrx_word' id='word_1_39' title='bbox 307 847 365 922; x_wconf 83' lang='lat' dir='ltr'>si·</span> <span class='ocrx_word' id='word_1_40' title='bbox 395 847 508 922; x_wconf 88' lang='lat' dir='ltr'>fieri</span> <span class='ocrx_word' id='word_1_41' title='bbox 547 851 727 942; x_wconf 90' lang='lat' dir='ltr'>potest,</span> <span class='ocrx_word' id='word_1_42' title='bbox 767 851 988 918; x_wconf 85' lang='lat' dir='ltr'>transeat</span> <span class='ocrx_word' id='word_1_43' title='bbox 1015 869 1036 918; x_wconf 88' lang='lat' dir='ltr'>a</span> <span class='ocrx_word' id='word_1_44' title='bbox 1062 841 1301 918; x_wconf 72' lang='lat' dir='ltr'>me&#39;oalix</span> 
     </span>
    </p>
   </div>
   <div class='ocr_carea' id='block_1_3' title="bbox 205 945 1424 1044">
    <p class='ocr_par' dir='ltr' id='par_1_4' title="bbox 205 945 1424 1044">
     <span class='ocr_line' id='line_1_7' title="bbox 205 945 1424 1044; baseline -0.004 -23"><span class='ocrx_word' id='word_1_45' title='bbox 205 949 310 1022; x_wconf 82' lang='lat' dir='ltr'>iste.</span> <span class='ocrx_word' id='word_1_46' title='bbox 339 950 421 1024; x_wconf 87' lang='lat' dir='ltr'>Non</span> <span class='ocrx_word' id='word_1_47' title='bbox 439 949 630 1044; x_wconf 84' lang='lat' dir='ltr'>ignoravit,</span> <span class='ocrx_word' id='word_1_48' title='bbox 648 955 729 1044; x_wconf 86' lang='lat' dir='ltr'>post</span> <span class='ocrx_word' id='word_1_49' title='bbox 755 954 829 1021; x_wconf 88' lang='lat' dir='ltr'>tres</span> <span class='ocrx_word' id='word_1_50' title='bbox 856 947 933 1018; x_wconf 92' lang='lat' dir='ltr'>dies</span> <span class='ocrx_word' id='word_1_51' title='bbox 960 947 1107 1030; x_wconf 72' lang='lat' dir='ltr'>calicem</span> <span class='ocrx_word' id='word_1_52' title='bbox 1130 945 1300 1020; x_wconf 86' lang='lat' dir='ltr'>transitu·</span> <span class='ocrx_word' id='word_1_53' title='bbox 1423 997 1424 1000; x_wconf 63' lang='lat'>,</span> 
     </span>
    </p>
   </div>
   <div class='ocr_carea' id='block_1_4' title="bbox 205 1050 1374 1866">
    <p class='ocr_par' dir='ltr' id='par_1_5' title="bbox 205 1050 1374 1866">
     <span class='ocr_line' id='line_1_8' title="bbox 207 1050 1301 1148; baseline -0.005 -23"><span class='ocrx_word' id='word_1_54' title='bbox 207 1076 286 1125; x_wconf 91' lang='lat' dir='ltr'>rum</span> <span class='ocrx_word' id='word_1_55' title='bbox 314 1075 405 1145; x_wconf 85' lang='lat' dir='ltr'>esse,</span> <span class='ocrx_word' id='word_1_56' title='bbox 431 1051 494 1148; x_wconf 92' lang='lat' dir='ltr'>qui</span> <span class='ocrx_word' id='word_1_57' title='bbox 519 1051 634 1144; x_wconf 86' lang='lat' dir='ltr'>seivit,</span> <span class='ocrx_word' id='word_1_58' title='bbox 662 1051 855 1147; x_wconf 74' lang='lat' dir='ltr'>discipulos</span> <span class='ocrx_word' id='word_1_59' title='bbox 888 1050 1095 1124; x_wconf 78' lang='lat' dir='ltr'>scandalum</span> <span class='ocrx_word' id='word_1_60' title='bbox 1120 1071 1301 1147; x_wconf 88' lang='lat' dir='ltr'>passuros,</span> 
     </span>
     <span class='ocr_line' id='line_1_9' title="bbox 207 1153 1303 1250; baseline -0.007 -22"><span class='ocrx_word' id='word_1_61' title='bbox 207 1154 385 1228; x_wconf 81' lang='lat' dir='ltr'><strong>Simonem</strong></span> <span class='ocrx_word' id='word_1_62' title='bbox 414 1160 639 1250; x_wconf 84' lang='lat' dir='ltr'>negaturum,</span> <span class='ocrx_word' id='word_1_63' title='bbox 657 1153 788 1226; x_wconf 83' lang='lat' dir='ltr'>Judam</span> <span class='ocrx_word' id='word_1_64' title='bbox 816 1175 854 1225; x_wconf 90' lang='lat' dir='ltr'>se</span> <span class='ocrx_word' id='word_1_65' title='bbox 882 1175 1141 1249; x_wconf 80' lang='lat' dir='ltr'>suspensurum</span> <span class='ocrx_word' id='word_1_66' title='bbox 1169 1175 1247 1224; x_wconf 87' lang='lat' dir='ltr'>esse</span> <span class='ocrx_word' id='word_1_67' title='bbox 1265 1156 1303 1222; x_wconf 88' lang='lat' dir='ltr'>et</span> 
     </span>
     <span class='ocr_line' id='line_1_10' title="bbox 206 1255 1303 1352; baseline 0 -22"><span class='ocrx_word' id='word_1_68' title='bbox 206 1259 330 1332; x_wconf 88' lang='lat' dir='ltr'>urbem</span> <span class='ocrx_word' id='word_1_69' title='bbox 357 1257 554 1332; x_wconf 81' lang='lat' dir='ltr'>Ierusalem</span> <span class='ocrx_word' id='word_1_70' title='bbox 581 1257 802 1330; x_wconf 78' lang='lat' dir='ltr'>destructum</span> <span class='ocrx_word' id='word_1_71' title='bbox 827 1262 865 1328; x_wconf 91' lang='lat' dir='ltr'>et</span> <span class='ocrx_word' id='word_1_72' title='bbox 896 1255 1068 1352; x_wconf 89' lang='lat' dir='ltr'>populum</span> <span class='ocrx_word' id='word_1_73' title='bbox 1099 1256 1303 1351; x_wconf 87' lang='lat' dir='ltr'>dispersum</span> 
     </span>
     <span class='ocr_line' id='line_1_11' title="bbox 207 1355 1302 1454; baseline -0.002 -25"><span class='ocrx_word' id='word_1_74' title='bbox 207 1357 265 1432; x_wconf 46' lang='lat' dir='ltr'>iris</span> <span class='ocrx_word' id='word_1_75' title='bbox 303 1359 352 1433; x_wconf 85' lang='lat' dir='ltr'>si</span> <span class='ocrx_word' id='word_1_76' title='bbox 387 1359 500 1432; x_wconf 88' lang='lat' dir='ltr'>fieri</span> <span class='ocrx_word' id='word_1_77' title='bbox 540 1365 722 1454; x_wconf 89' lang='lat' dir='ltr'>potest,</span> <span class='ocrx_word' id='word_1_78' title='bbox 761 1364 1028 1432; x_wconf 85' lang='lat' dir='ltr'>transeata</span> <span class='ocrx_word' id='word_1_79' title='bbox 1066 1381 1132 1432; x_wconf 88' lang='lat' dir='ltr'>me</span> <span class='ocrx_word' id='word_1_80' title='bbox 1171 1355 1302 1429; x_wconf 78' lang='lat' dir='ltr'>salix</span> 
     </span>
     <span class='ocr_line' id='line_1_12' title="bbox 208 1452 1302 1558; baseline -0.003 -25"><span class='ocrx_word' id='word_1_81' title='bbox 208 1461 313 1534; x_wconf 87' lang='lat' dir='ltr'>iste.</span> <span class='ocrx_word' id='word_1_82' title='bbox 341 1461 400 1534; x_wconf 79' lang='lat' dir='ltr'>sio</span> <span class='ocrx_word' id='word_1_83' title='bbox 428 1462 524 1556; x_wconf 83' lang='lat' dir='ltr'>dicit,</span> <span class='ocrx_word' id='word_1_84' title='bbox 543 1461 605 1557; x_wconf 90' lang='lat' dir='ltr'>qui</span> <span class='ocrx_word' id='word_1_85' title='bbox 632 1461 677 1534; x_wconf 90' lang='lat' dir='ltr'>ad</span> <span class='ocrx_word' id='word_1_86' title='bbox 698 1461 890 1554; x_wconf 81' lang='lat' dir='ltr'>Simonem,</span> <span class='ocrx_word' id='word_1_87' title='bbox 912 1452 1035 1556; x_wconf 90' lang='lat' dir='ltr'>quum</span> <span class='ocrx_word' id='word_1_88' title='bbox 1049 1459 1167 1558; x_wconf 87' lang='lat' dir='ltr'>ipsum</span> <span class='ocrx_word' id='word_1_89' title='bbox 1192 1461 1302 1532; x_wconf 83' lang='lat' dir='ltr'>eorri-</span> 
     </span>
     <span class='ocr_line' id='line_1_13' title="bbox 205 1561 1302 1659; baseline -0.003 -23"><span class='ocrx_word' id='word_1_90' title='bbox 205 1563 324 1659; x_wconf 73' lang='lat' dir='ltr'>gere³</span> <span class='ocrx_word' id='word_1_91' title='bbox 343 1565 465 1659; x_wconf 88' lang='lat' dir='ltr'>vellet,</span> <span class='ocrx_word' id='word_1_92' title='bbox 484 1565 649 1640; x_wconf 84' lang='lat' dir='ltr'>dixerat:</span> <span class='ocrx_word' id='word_1_93' title='bbox 671 1563 805 1637; x_wconf 71' lang='lat' dir='ltr'>“Vade</span> <span class='ocrx_word' id='word_1_94' title='bbox 824 1572 921 1636; x_wconf 87' lang='lat' dir='ltr'>retro</span> <span class='ocrx_word' id='word_1_95' title='bbox 939 1586 961 1636; x_wconf 89' lang='lat' dir='ltr'>a</span> <span class='ocrx_word' id='word_1_96' title='bbox 977 1587 1034 1636; x_wconf 93' lang='lat' dir='ltr'>me</span> <span class='ocrx_word' id='word_1_97' title='bbox 1051 1564 1196 1654; x_wconf 72' lang='lat' dir='ltr'>Statana,</span> <span class='ocrx_word' id='word_1_98' title='bbox 1217 1561 1302 1658; x_wconf 87' lang='lat' dir='ltr'>quia</span> 
     </span>
     <span class='ocr_line' id='line_1_14' title="bbox 208 1664 1374 1764; baseline -0.003 -26"><span class='ocrx_word' id='word_1_99' title='bbox 208 1691 281 1751; x_wconf 91' lang='lat' dir='ltr'>non</span> <span class='ocrx_word' id='word_1_100' title='bbox 299 1667 447 1764; x_wconf 78' lang='lat' dir='ltr'>cogitas,</span> <span class='ocrx_word' id='word_1_101' title='bbox 465 1690 556 1764; x_wconf 89' lang='lat' dir='ltr'>quae</span> <span class='ocrx_word' id='word_1_102' title='bbox 575 1665 655 1760; x_wconf 90' lang='lat' dir='ltr'>Dei,</span> <span class='ocrx_word' id='word_1_103' title='bbox 669 1665 733 1740; x_wconf 90' lang='lat' dir='ltr'>sed</span> <span class='ocrx_word' id='word_1_104' title='bbox 751 1689 842 1762; x_wconf 85' lang='lat' dir='ltr'>quae</span> <span class='ocrx_word' id='word_1_105' title='bbox 860 1666 1044 1739; x_wconf 90' lang='lat' dir='ltr'>hominum</span> <span class='ocrx_word' id='word_1_106' title='bbox 1062 1670 1146 1739; x_wconf 88' lang='lat' dir='ltr'>sunt</span> <span class='ocrx_word' id='word_1_107' title='bbox 1159 1703 1187 1740; x_wconf 70' lang='lat' dir='ltr'>e.</span> <span class='ocrx_word' id='word_1_108' title='bbox 1205 1664 1301 1752; x_wconf 84' lang='lat' dir='ltr'>Qua·</span> <span class='ocrx_word' id='word_1_109' title='bbox 1368 1724 1374 1744; x_wconf 77' lang='grc'>,</span> 
     </span>
     <span class='ocr_line' id='line_1_15' title="bbox 208 1765 1303 1866; baseline -0.005 -24"><span class='ocrx_word' id='word_1_110' title='bbox 208 1793 359 1844; x_wconf 82' lang='lat' dir='ltr'>renunc</span> <span class='ocrx_word' id='word_1_111' title='bbox 378 1769 553 1844; x_wconf 90' lang='lat' dir='ltr'>Dominus</span> <span class='ocrx_word' id='word_1_112' title='bbox 573 1769 650 1866; x_wconf 90' lang='lat' dir='ltr'>ipse</span> <span class='ocrx_word' id='word_1_113' title='bbox 668 1767 824 1865; x_wconf 88' lang='lat' dir='ltr'>reliquit,</span> <span class='ocrx_word' id='word_1_114' title='bbox 843 1791 933 1866; x_wconf 86' lang='lat' dir='ltr'>quae</span> <span class='ocrx_word' id='word_1_115' title='bbox 951 1769 1020 1841; x_wconf 93' lang='lat' dir='ltr'>Dei</span> <span class='ocrx_word' id='word_1_116' title='bbox 1038 1777 1132 1863; x_wconf 90' lang='lat' dir='ltr'>sunt,</span> <span class='ocrx_word' id='word_1_117' title='bbox 1153 1774 1189 1840; x_wconf 90' lang='lat' dir='ltr'>et</span> <span class='ocrx_word' id='word_1_118' title='bbox 1208 1765 1303 1862; x_wconf 86' lang='lat' dir='ltr'>eogi-</span> 
     </span>
    </p>
   </div>
   <div class='ocr_carea' id='block_1_5' title="bbox 96 1869 1303 1970">
    <p class='ocr_par' dir='ltr' id='par_1_6' title="bbox 96 1869 1303 1970">
     <span class='ocr_line' id='line_1_16' title="bbox 96 1869 1303 1970; baseline -0.003 -26"><span class='ocrx_word' id='word_1_119' title='bbox 96 1891 102 1896; x_wconf 82' lang='grc'><strong><em>·</em></strong></span> <span class='ocrx_word' id='word_1_120' title='bbox 209 1873 310 1964; x_wconf 83' lang='lat' dir='ltr'>tavit,</span> <span class='ocrx_word' id='word_1_121' title='bbox 330 1897 420 1970; x_wconf 88' lang='lat' dir='ltr'>quae</span> <span class='ocrx_word' id='word_1_122' title='bbox 439 1879 524 1946; x_wconf 81' lang='lat' dir='ltr'>suunt</span> <span class='ocrx_word' id='word_1_123' title='bbox 541 1871 754 1946; x_wconf 78' lang='lat' dir='ltr'>hominum?</span> <span class='ocrx_word' id='word_1_124' title='bbox 773 1871 848 1945; x_wconf 80' lang='lat' dir='ltr'>Cur</span> <span class='ocrx_word' id='word_1_125' title='bbox 869 1895 956 1966; x_wconf 81' lang='lat' dir='ltr'>ergo</span> <span class='ocrx_word' id='word_1_126' title='bbox 974 1879 1013 1944; x_wconf 88' lang='lat' dir='ltr'>tu</span> <span class='ocrx_word' id='word_1_127' title='bbox 1037 1869 1231 1968; x_wconf 82' lang='lat' dir='ltr'>inerepasti</span> <span class='ocrx_word' id='word_1_128' title='bbox 1248 1869 1303 1944; x_wconf 79' lang='lat' dir='ltr'>Si-</span> 
     </span>
    </p>
   </div>
   <div class='ocr_carea' id='block_1_6' title="bbox 203 1969 1308 3820">
    <p class='ocr_par' dir='ltr' id='par_1_7' title="bbox 203 1969 1304 2688">
     <span class='ocr_line' id='line_1_17' title="bbox 208 1969 1304 2072; baseline -0.005 -25"><span class='ocrx_word' id='word_1_129' title='bbox 208 1999 360 2071; x_wconf 82' lang='lat' dir='ltr'>monem,</span> <span class='ocrx_word' id='word_1_130' title='bbox 379 1999 488 2072; x_wconf 92' lang='lat' dir='ltr'>quum</span> <span class='ocrx_word' id='word_1_131' title='bbox 505 1975 663 2061; x_wconf 73' lang='lat' dir='ltr'>diceret:</span> <span class='ocrx_word' id='word_1_132' title='bbox 685 1997 700 2034; x_wconf 75' lang='lat' dir='ltr'><strong><em>a</em></strong></span> <span class='ocrx_word' id='word_1_133' title='bbox 718 1974 826 2048; x_wconf 80' lang='lat' dir='ltr'>Absit</span> <span class='ocrx_word' id='word_1_134' title='bbox 843 1976 910 2050; x_wconf 89' lang='lat' dir='ltr'>hoo</span> <span class='ocrx_word' id='word_1_135' title='bbox 926 1998 949 2046; x_wconf 83' lang='lat' dir='ltr'>a</span> <span class='ocrx_word' id='word_1_136' title='bbox 965 1979 1013 2064; x_wconf 90' lang='lat' dir='ltr'>te,</span> <span class='ocrx_word' id='word_1_137' title='bbox 1032 1973 1184 2048; x_wconf 85' lang='lat' dir='ltr'>Domine</span> <span class='ocrx_word' id='word_1_138' title='bbox 1199 1972 1239 2048; x_wconf 69' lang='lat' dir='ltr'>e?</span> <span class='ocrx_word' id='word_1_139' title='bbox 1256 1969 1304 2043; x_wconf 82' lang='lat' dir='ltr'>Si</span> 
     </span>
     <span class='ocr_line' id='line_1_18' title="bbox 207 2073 1303 2176; baseline -0.005 -25"><span class='ocrx_word' id='word_1_140' title='bbox 207 2078 324 2152; x_wconf 79' lang='lat' dir='ltr'>fieri</span> <span class='ocrx_word' id='word_1_141' title='bbox 348 2085 532 2176; x_wconf 86' lang='lat' dir='ltr'>potest,</span> <span class='ocrx_word' id='word_1_142' title='bbox 559 2083 828 2151; x_wconf 83' lang='lat' dir='ltr'>transeate</span> <span class='ocrx_word' id='word_1_143' title='bbox 860 2101 923 2150; x_wconf 91' lang='lat' dir='ltr'>me</span> <span class='ocrx_word' id='word_1_144' title='bbox 960 2077 1091 2150; x_wconf 80' lang='lat' dir='ltr'>calix</span> <span class='ocrx_word' id='word_1_145' title='bbox 1127 2078 1232 2150; x_wconf 89' lang='lat' dir='ltr'>iste.</span> <span class='ocrx_word' id='word_1_146' title='bbox 1259 2073 1303 2148; x_wconf 88' lang='lat' dir='ltr'>Id</span> 
     </span>
     <span class='ocr_line' id='line_1_19' title="bbox 205 2175 1303 2278; baseline -0.006 -24.006"><span class='ocrx_word' id='word_1_147' title='bbox 205 2181 302 2278; x_wconf 90' lang='lat' dir='ltr'>quod</span> <span class='ocrx_word' id='word_1_148' title='bbox 320 2181 423 2260; x_wconf 91' lang='lat' dir='ltr'>modo</span> <span class='ocrx_word' id='word_1_149' title='bbox 440 2181 487 2254; x_wconf 85' lang='lat' dir='ltr'>ad</span> <span class='ocrx_word' id='word_1_150' title='bbox 504 2181 651 2254; x_wconf 87' lang='lat' dir='ltr'>Patrem</span> <span class='ocrx_word' id='word_1_151' title='bbox 671 2180 773 2274; x_wconf 79' lang='lat' dir='ltr'>dixit,</span> <span class='ocrx_word' id='word_1_152' title='bbox 793 2180 907 2273; x_wconf 85' lang='lat' dir='ltr'>seivit,</span> <span class='ocrx_word' id='word_1_153' title='bbox 926 2185 962 2252; x_wconf 91' lang='lat' dir='ltr'>et</span> <span class='ocrx_word' id='word_1_154' title='bbox 980 2179 1126 2257; x_wconf 89' lang='lat' dir='ltr'>oalioem</span> <span class='ocrx_word' id='word_1_155' title='bbox 1149 2175 1303 2252; x_wconf 84' lang='lat' dir='ltr'>transire</span> 
     </span>
     <span class='ocr_line' id='line_1_20' title="bbox 203 2283 1303 2380; baseline -0.007 -21"><span class='ocrx_word' id='word_1_156' title='bbox 203 2307 313 2380; x_wconf 83' lang='lat' dir='ltr'>posse</span> <span class='ocrx_word' id='word_1_157' title='bbox 345 2283 460 2377; x_wconf 84' lang='lat' dir='ltr'>seivit,</span> <span class='ocrx_word' id='word_1_158' title='bbox 478 2284 587 2356; x_wconf 92' lang='lat' dir='ltr'>immo</span> <span class='ocrx_word' id='word_1_159' title='bbox 605 2290 642 2355; x_wconf 90' lang='lat' dir='ltr'>et</span> <span class='ocrx_word' id='word_1_160' title='bbox 659 2283 704 2355; x_wconf 83' lang='lat' dir='ltr'>ed</span> <span class='ocrx_word' id='word_1_161' title='bbox 730 2284 825 2356; x_wconf 90' lang='lat' dir='ltr'>hune</span> <span class='ocrx_word' id='word_1_162' title='bbox 851 2284 958 2356; x_wconf 88' lang='lat' dir='ltr'>finem</span> <span class='ocrx_word' id='word_1_163' title='bbox 976 2289 1135 2376; x_wconf 87' lang='lat' dir='ltr'>venerat,</span> <span class='ocrx_word' id='word_1_164' title='bbox 1153 2287 1202 2354; x_wconf 69' lang='lat' dir='ltr'>ut&#39;</span> <span class='ocrx_word' id='word_1_165' title='bbox 1220 2301 1303 2352; x_wconf 90' lang='lat' dir='ltr'>eum</span> 
     </span>
     <span class='ocr_line' id='line_1_21' title="bbox 207 2379 1302 2483; baseline -0.005 -23"><span class='ocrx_word' id='word_1_166' title='bbox 207 2386 345 2460; x_wconf 79' lang='lat' dir='ltr'>biberet</span> <span class='ocrx_word' id='word_1_167' title='bbox 362 2409 426 2483; x_wconf 90' lang='lat' dir='ltr'>pro</span> <span class='ocrx_word' id='word_1_168' title='bbox 444 2379 623 2478; x_wconf 84' lang='lat' dir='ltr'>omnibus,</span> <span class='ocrx_word' id='word_1_169' title='bbox 642 2391 678 2457; x_wconf 88' lang='lat' dir='ltr'>et</span> <span class='ocrx_word' id='word_1_170' title='bbox 695 2409 760 2482; x_wconf 92' lang='lat' dir='ltr'>per</span> <span class='ocrx_word' id='word_1_171' title='bbox 776 2385 871 2460; x_wconf 90' lang='lat' dir='ltr'>huno</span> <span class='ocrx_word' id='word_1_172' title='bbox 888 2383 1034 2459; x_wconf 86' lang='lat' dir='ltr'>oalioem</span> <span class='ocrx_word' id='word_1_173' title='bbox 1061 2385 1218 2458; x_wconf 91' lang='lat' dir='ltr'>omnium</span> <span class='ocrx_word' id='word_1_174' title='bbox 1240 2381 1302 2454; x_wconf 92' lang='lat' dir='ltr'>de·</span> 
     </span>
     <span class='ocr_line' id='line_1_22' title="bbox 207 2488 1301 2586; baseline -0.006 -24"><span class='ocrx_word' id='word_1_175' title='bbox 207 2488 283 2564; x_wconf 87' lang='lat' dir='ltr'>bita</span> <span class='ocrx_word' id='word_1_176' title='bbox 299 2488 467 2581; x_wconf 81' lang='lat' dir='ltr'>solueret,</span> <span class='ocrx_word' id='word_1_177' title='bbox 487 2513 578 2585; x_wconf 88' lang='lat' dir='ltr'>quae</span> <span class='ocrx_word' id='word_1_178' title='bbox 603 2489 800 2586; x_wconf 83' lang='lat' dir='ltr'>prophetae</span> <span class='ocrx_word' id='word_1_179' title='bbox 819 2497 856 2562; x_wconf 88' lang='lat' dir='ltr'>et</span> <span class='ocrx_word' id='word_1_180' title='bbox 875 2488 1072 2564; x_wconf 79' lang='lat' dir='ltr'>salvatores</span> <span class='ocrx_word' id='word_1_181' title='bbox 1096 2512 1161 2564; x_wconf 90' lang='lat' dir='ltr'>sua</span> <span class='ocrx_word' id='word_1_182' title='bbox 1187 2491 1301 2558; x_wconf 89' lang='lat' dir='ltr'>morte</span> 
     </span>
     <span class='ocr_line' id='line_1_23' title="bbox 209 2591 573 2688; baseline 0.003 -24"><span class='ocrx_word' id='word_1_183' title='bbox 209 2591 347 2667; x_wconf 82' lang='lat' dir='ltr'>soluere</span> <span class='ocrx_word' id='word_1_184' title='bbox 365 2592 573 2688; x_wconf 87' lang='lat' dir='ltr'>nequibant.</span> 
     </span>
    </p>

    <p class='ocr_par' dir='ltr' id='par_1_8' title="bbox 203 2689 1308 3820">
     <span class='ocr_line' id='line_1_24' title="bbox 269 2689 1306 2789; baseline -0.007 -21"><span class='ocrx_word' id='word_1_185' title='bbox 269 2773 273 2776; x_wconf 70' lang='grc'>,</span> <span class='ocrx_word' id='word_1_186' title='bbox 311 2695 468 2789; x_wconf 88' lang='lat' dir='ltr'>Pater,</span> <span class='ocrx_word' id='word_1_187' title='bbox 507 2698 728 2768; x_wconf 85' lang='lat' dir='ltr'>transeat</span> <span class='ocrx_word' id='word_1_188' title='bbox 766 2717 789 2767; x_wconf 83' lang='lat' dir='ltr'>a</span> <span class='ocrx_word' id='word_1_189' title='bbox 827 2717 893 2766; x_wconf 90' lang='lat' dir='ltr'>me</span> <span class='ocrx_word' id='word_1_190' title='bbox 935 2693 1067 2767; x_wconf 86' lang='lat' dir='ltr'>oalix</span> <span class='ocrx_word' id='word_1_191' title='bbox 1096 2694 1203 2767; x_wconf 88' lang='lat' dir='ltr'>iste.</span> <span class='ocrx_word' id='word_1_192' title='bbox 1234 2689 1306 2778; x_wconf 86' lang='lat' dir='ltr'>Qui</span> 
     </span>
     <span class='ocr_line' id='line_1_25' title="bbox 209 2795 1306 2894; baseline -0.005 -24"><span class='ocrx_word' id='word_1_193' title='bbox 209 2804 360 2873; x_wconf 88' lang='lat' dir='ltr'>mortem</span> <span class='ocrx_word' id='word_1_194' title='bbox 378 2805 480 2872; x_wconf 86' lang='lat' dir='ltr'>suam</span> <span class='ocrx_word' id='word_1_195' title='bbox 498 2822 564 2894; x_wconf 88' lang='lat' dir='ltr'>per</span> <span class='ocrx_word' id='word_1_196' title='bbox 583 2821 666 2870; x_wconf 90' lang='lat' dir='ltr'>suos</span> <span class='ocrx_word' id='word_1_197' title='bbox 684 2797 877 2894; x_wconf 87' lang='lat' dir='ltr'>prophetas</span> <span class='ocrx_word' id='word_1_198' title='bbox 898 2795 1137 2893; x_wconf 75' lang='lat' dir='ltr'>descripserat</span> <span class='ocrx_word' id='word_1_199' title='bbox 1167 2801 1203 2867; x_wconf 92' lang='lat' dir='ltr'>et</span> <span class='ocrx_word' id='word_1_200' title='bbox 1231 2816 1306 2887; x_wconf 80' lang='lat' dir='ltr'>my·</span> 
     </span>
     <span class='ocr_line' id='line_1_26' title="bbox 203 2899 1306 2996; baseline -0.008 -24"><span class='ocrx_word' id='word_1_201' title='bbox 203 2901 357 2984; x_wconf 84' lang='lat' dir='ltr'>sterium</span> <span class='ocrx_word' id='word_1_202' title='bbox 385 2899 510 2974; x_wconf 86' lang='lat' dir='ltr'>mortis</span> <span class='ocrx_word' id='word_1_203' title='bbox 540 2923 626 2976; x_wconf 89' lang='lat' dir='ltr'>suae</span> <span class='ocrx_word' id='word_1_204' title='bbox 658 2899 696 2974; x_wconf 81' lang='lat' dir='ltr'>iri</span> <span class='ocrx_word' id='word_1_205' title='bbox 727 2900 802 2972; x_wconf 90' lang='lat' dir='ltr'>suis</span> <span class='ocrx_word' id='word_1_206' title='bbox 838 2899 947 2994; x_wconf 86' lang='lat' dir='ltr'>justis</span> <span class='ocrx_word' id='word_1_207' title='bbox 988 2899 1306 2996; x_wconf 82' lang='lat' dir='ltr'>praefiguraverat,</span> 
     </span>
     <span class='ocr_line' id='line_1_27' title="bbox 211 3001 1305 3100; baseline -0.005 -25"><span class='ocrx_word' id='word_1_208' title='bbox 211 3003 351 3100; x_wconf 87' lang='lat' dir='ltr'>quando</span> <span class='ocrx_word' id='word_1_209' title='bbox 378 3011 519 3100; x_wconf 89' lang='lat' dir='ltr'>tempus</span> <span class='ocrx_word' id='word_1_210' title='bbox 544 3001 656 3096; x_wconf 88' lang='lat' dir='ltr'>venit,</span> <span class='ocrx_word' id='word_1_211' title='bbox 682 3009 723 3076; x_wconf 87' lang='lat' dir='ltr'>ut</span> <span class='ocrx_word' id='word_1_212' title='bbox 749 3002 826 3097; x_wconf 88' lang='lat' dir='ltr'>ipse</span> <span class='ocrx_word' id='word_1_213' title='bbox 853 3007 1004 3076; x_wconf 86' lang='lat' dir='ltr'>mortem</span> <span class='ocrx_word' id='word_1_214' title='bbox 1031 3001 1178 3093; x_wconf 88' lang='lat' dir='ltr'>subiret,</span> <span class='ocrx_word' id='word_1_215' title='bbox 1209 3004 1305 3069; x_wconf 87' lang='lat' dir='ltr'>oerte</span> 
     </span>
     <span class='ocr_line' id='line_1_28' title="bbox 211 3097 1293 3202; baseline -0.008 -24"><span class='ocrx_word' id='word_1_216' title='bbox 211 3113 361 3180; x_wconf 86' lang='lat' dir='ltr'>mortem</span> <span class='ocrx_word' id='word_1_217' title='bbox 380 3129 453 3179; x_wconf 92' lang='lat' dir='ltr'>non</span> <span class='ocrx_word' id='word_1_218' title='bbox 470 3107 619 3202; x_wconf 91' lang='lat' dir='ltr'>respuit,</span> <span class='ocrx_word' id='word_1_219' title='bbox 633 3128 700 3178; x_wconf 86' lang='lat' dir='ltr'>neo</span> <span class='ocrx_word' id='word_1_220' title='bbox 713 3103 858 3176; x_wconf 89' lang='lat' dir='ltr'>oalioem</span> <span class='ocrx_word' id='word_1_221' title='bbox 878 3103 955 3198; x_wconf 90' lang='lat' dir='ltr'>ejus</span> <span class='ocrx_word' id='word_1_222' title='bbox 972 3103 1094 3178; x_wconf 90' lang='lat' dir='ltr'>bibere</span> <span class='ocrx_word' id='word_1_223' title='bbox 1113 3097 1293 3175; x_wconf 83' lang='lat' dir='ltr'>reeusarit</span> 
     </span>
     <span class='ocr_line' id='line_1_29' title="bbox 211 3203 1305 3302; baseline -0.007 -20"><span class='ocrx_word' id='word_1_224' title='bbox 211 3208 250 3282; x_wconf 82' lang='lat' dir='ltr'>si</span> <span class='ocrx_word' id='word_1_225' title='bbox 268 3209 362 3282; x_wconf 88' lang='lat' dir='ltr'>enim</span> <span class='ocrx_word' id='word_1_226' title='bbox 380 3233 462 3282; x_wconf 90' lang='lat' dir='ltr'>eum</span> <span class='ocrx_word' id='word_1_227' title='bbox 481 3209 603 3284; x_wconf 89' lang='lat' dir='ltr'>bibere</span> <span class='ocrx_word' id='word_1_228' title='bbox 620 3207 795 3290; x_wconf 85' lang='lat' dir='ltr'>noluisset</span> <span class='ocrx_word' id='word_1_229' title='bbox 812 3213 849 3278; x_wconf 88' lang='lat' dir='ltr'>et</span> <span class='ocrx_word' id='word_1_230' title='bbox 866 3207 944 3302; x_wconf 90' lang='lat' dir='ltr'>ejus</span> <span class='ocrx_word' id='word_1_231' title='bbox 962 3205 1156 3302; x_wconf 90' lang='lat' dir='ltr'>respuendi</span> <span class='ocrx_word' id='word_1_232' title='bbox 1178 3203 1305 3278; x_wconf 91' lang='lat' dir='ltr'>volun·</span> 
     </span>
     <span class='ocr_line' id='line_1_30' title="bbox 213 3304 1305 3411; baseline -0.006 -29"><span class='ocrx_word' id='word_1_233' title='bbox 213 3315 322 3385; x_wconf 85' lang='lat' dir='ltr'>tatem</span> <span class='ocrx_word' id='word_1_234' title='bbox 340 3311 536 3405; x_wconf 82' lang='lat' dir='ltr'>habuisset,</span> <span class='ocrx_word' id='word_1_235' title='bbox 551 3335 681 3408; x_wconf 87' lang='lat' dir='ltr'>eorpus</span> <span class='ocrx_word' id='word_1_236' title='bbox 700 3335 803 3392; x_wconf 85' lang='lat' dir='ltr'>suum</span> <span class='ocrx_word' id='word_1_237' title='bbox 821 3332 893 3381; x_wconf 91' lang='lat' dir='ltr'>non</span> <span class='ocrx_word' id='word_1_238' title='bbox 910 3314 1152 3411; x_wconf 84' lang='lat' dir='ltr'>eomparasset</span> <span class='ocrx_word' id='word_1_239' title='bbox 1169 3304 1305 3402; x_wconf 86' lang='lat' dir='ltr'>templo</span> 
     </span>
     <span class='ocr_line' id='line_1_31' title="bbox 213 3409 1305 3508; baseline -0.004 -22"><span class='ocrx_word' id='word_1_240' title='bbox 213 3413 358 3488; x_wconf 81' lang='lat' dir='ltr'>disens:</span> <span class='ocrx_word' id='word_1_241' title='bbox 379 3436 394 3472; x_wconf 60' lang='grc' dir='ltr'><em>α</em></span> <span class='ocrx_word' id='word_1_242' title='bbox 412 3413 596 3488; x_wconf 88' lang='lat' dir='ltr'>Destruite</span> <span class='ocrx_word' id='word_1_243' title='bbox 614 3415 681 3486; x_wconf 88' lang='lat' dir='ltr'>hoo</span> <span class='ocrx_word' id='word_1_244' title='bbox 698 3413 872 3508; x_wconf 91' lang='lat' dir='ltr'>templum</span> <span class='ocrx_word' id='word_1_245' title='bbox 889 3419 925 3484; x_wconf 92' lang='lat' dir='ltr'>et</span> <span class='ocrx_word' id='word_1_246' title='bbox 951 3412 1058 3484; x_wconf 85' lang='lat' dir='ltr'>tertia</span> <span class='ocrx_word' id='word_1_247' title='bbox 1075 3412 1133 3484; x_wconf 89' lang='lat' dir='ltr'>die</span> <span class='ocrx_word' id='word_1_248' title='bbox 1157 3409 1305 3484; x_wconf 84' lang='lat' dir='ltr'>suseita-</span> 
     </span>
     <span class='ocr_line' id='line_1_32' title="bbox 205 3515 1306 3612; baseline -0.007 -23"><span class='ocrx_word' id='word_1_249' title='bbox 205 3517 258 3597; x_wconf 68' lang='lat' dir='ltr'>,bo</span> <span class='ocrx_word' id='word_1_250' title='bbox 275 3517 366 3590; x_wconf 89' lang='lat' dir='ltr'>iilud</span> <span class='ocrx_word' id='word_1_251' title='bbox 384 3557 399 3592; x_wconf 69' lang='lat' dir='ltr'>n</span> <span class='ocrx_word' id='word_1_252' title='bbox 416 3516 451 3612; x_wconf 79' lang='lat'>&#39;⁸5</span> <span class='ocrx_word' id='word_1_253' title='bbox 470 3541 537 3590; x_wconf 89' lang='lat' dir='ltr'>neo</span> <span class='ocrx_word' id='word_1_254' title='bbox 555 3516 639 3591; x_wconf 88' lang='lat' dir='ltr'>filiis</span> <span class='ocrx_word' id='word_1_255' title='bbox 657 3515 832 3590; x_wconf 74' lang='lat' dir='ltr'>Zebedaei</span> <span class='ocrx_word' id='word_1_256' title='bbox 858 3515 1031 3587; x_wconf 80' lang='lat' dir='ltr'>dixisset:</span> <span class='ocrx_word' id='word_1_257' title='bbox 1054 3537 1069 3572; x_wconf 65' lang='lat' dir='ltr'>a</span> <span class='ocrx_word' id='word_1_258' title='bbox 1084 3516 1180 3588; x_wconf 87' lang='lat' dir='ltr'>Num</span> <span class='ocrx_word' id='word_1_259' title='bbox 1207 3517 1306 3608; x_wconf 89' lang='lat' dir='ltr'>pote-</span> 
     </span>
     <span class='ocr_line' id='line_1_33' title="bbox 214 3614 1308 3714; baseline -0.007 -23"><span class='ocrx_word' id='word_1_260' title='bbox 214 3618 280 3692; x_wconf 91' lang='lat' dir='ltr'>stis</span> <span class='ocrx_word' id='word_1_261' title='bbox 305 3619 427 3694; x_wconf 88' lang='lat' dir='ltr'>bibere</span> <span class='ocrx_word' id='word_1_262' title='bbox 459 3619 616 3714; x_wconf 88' lang='lat' dir='ltr'>oalioem,</span> <span class='ocrx_word' id='word_1_263' title='bbox 648 3641 752 3714; x_wconf 90' lang='lat' dir='ltr'>quem</span> <span class='ocrx_word' id='word_1_264' title='bbox 785 3640 852 3713; x_wconf 83' lang='lat' dir='ltr'>ego</span> <span class='ocrx_word' id='word_1_265' title='bbox 877 3617 1055 3691; x_wconf 85' lang='lat' dir='ltr'>bibiturus</span> <span class='ocrx_word' id='word_1_266' title='bbox 1081 3641 1160 3690; x_wconf 91' lang='lat' dir='ltr'>sum</span> <span class='ocrx_word' id='word_1_267' title='bbox 1177 3656 1192 3690; x_wconf 72' lang='lat' dir='ltr'><em>n</em></span> <span class='ocrx_word' id='word_1_268' title='bbox 1210 3614 1243 3708; x_wconf 61' lang='grc' dir='ltr'>ὅ,</span> <span class='ocrx_word' id='word_1_269' title='bbox 1272 3617 1308 3683; x_wconf 91' lang='lat' dir='ltr'>et</span> 
     </span>
     <span class='ocr_line' id='line_1_34' title="bbox 215 3717 1304 3820; baseline -0.007 -28"><span class='ocrx_word' id='word_1_270' title='bbox 215 3721 286 3794; x_wconf 90' lang='lat' dir='ltr'>alio</span> <span class='ocrx_word' id='word_1_271' title='bbox 304 3720 400 3798; x_wconf 93' lang='lat' dir='ltr'>looo:</span> <span class='ocrx_word' id='word_1_272' title='bbox 422 3723 661 3820; x_wconf 71' lang='lat' dir='ltr'>“Baptismus</span> <span class='ocrx_word' id='word_1_273' title='bbox 679 3721 789 3794; x_wconf 88' lang='lat' dir='ltr'>instat</span> <span class='ocrx_word' id='word_1_274' title='bbox 807 3719 905 3813; x_wconf 91' lang='lat' dir='ltr'>mihi,</span> <span class='ocrx_word' id='word_1_275' title='bbox 919 3743 988 3816; x_wconf 91' lang='lat' dir='ltr'>quo</span> <span class='ocrx_word' id='word_1_276' title='bbox 1006 3719 1168 3818; x_wconf 84' lang='lat' dir='ltr'>baptizer</span> <span class='ocrx_word' id='word_1_277' title='bbox 1180 3759 1195 3795; x_wconf 69' lang='lat' dir='ltr'><em>n</em></span> <span class='ocrx_word' id='word_1_278' title='bbox 1206 3717 1235 3810; x_wconf 79' lang='lat'>⁶,</span> <span class='ocrx_word' id='word_1_279' title='bbox 1255 3720 1304 3787; x_wconf 87' lang='lat' dir='ltr'>et:</span> 
     </span>
    </p>
   </div>
   <div class='ocr_carea' id='block_1_7' title="bbox 174 3983 1328 4450">
    <p class='ocr_par' dir='ltr' id='par_1_9' title="bbox 296 3983 740 4055">
     <span class='ocr_line' id='line_1_35' title="bbox 296 3983 740 4055; baseline -0.002 -14"><span class='ocrx_word' id='word_1_280' title='bbox 296 3986 323 4042; x_wconf 86' lang='lat'>1.</span> <span class='ocrx_word' id='word_1_281' title='bbox 343 3983 442 4041; x_wconf 66' lang='lat' dir='ltr'>Moru.</span> <span class='ocrx_word' id='word_1_282' title='bbox 460 3987 506 4055; x_wconf 87' lang='lat'>10,</span> <span class='ocrx_word' id='word_1_283' title='bbox 521 3986 570 4042; x_wconf 83' lang='lat'>33.</span> <span class='ocrx_word' id='word_1_284' title='bbox 737 4035 740 4040; x_wconf 91' lang='lat'>.</span> 
     </span>
    </p>

    <p class='ocr_par' dir='ltr' id='par_1_10' title="bbox 289 4053 1328 4216">
     <span class='ocr_line' id='line_1_36' title="bbox 289 4053 1328 4138; baseline -0.007 -19"><span class='ocrx_word' id='word_1_285' title='bbox 289 4053 323 4119; x_wconf 87' lang='grc'>’2.</span> <span class='ocrx_word' id='word_1_286' title='bbox 344 4061 541 4120; x_wconf 83' lang='lat' dir='ltr'>Adverbum:</span> <span class='ocrx_word' id='word_1_287' title='bbox 552 4062 748 4138; x_wconf 68' lang='lat' dir='ltr'>“negantium</span> <span class='ocrx_word' id='word_1_288' title='bbox 760 4061 1025 4137; x_wconf 74' lang='lat' dir='ltr'>„‚Au‹·,herhabet:</span> <span class='ocrx_word' id='word_1_289' title='bbox 1038 4061 1268 4136; x_wconf 65' lang='lat' dir='ltr'>“apostatarum</span> <span class='ocrx_word' id='word_1_290' title='bbox 1278 4084 1303 4113; x_wconf 66' lang='lat' dir='ltr'>e·</span> <span class='ocrx_word' id='word_1_291' title='bbox 1326 4099 1328 4104; x_wconf 68' lang='lat'>,</span> 
     </span>
     <span class='ocr_line' id='line_1_37' title="bbox 294 4138 1122 4216; baseline 0.001 -19"><span class='ocrx_word' id='word_1_292' title='bbox 294 4142 322 4197; x_wconf 85' lang='lat'>3.</span> <span class='ocrx_word' id='word_1_293' title='bbox 344 4138 390 4197; x_wconf 83' lang='lat' dir='ltr'>of.</span> <span class='ocrx_word' id='word_1_294' title='bbox 404 4156 482 4214; x_wconf 88' lang='lat' dir='ltr'>quae</span> <span class='ocrx_word' id='word_1_295' title='bbox 498 4158 590 4215; x_wconf 86' lang='lat' dir='ltr'>supra</span> <span class='ocrx_word' id='word_1_296' title='bbox 605 4139 643 4200; x_wconf 87' lang='lat' dir='ltr'>ad</span> <span class='ocrx_word' id='word_1_297' title='bbox 658 4141 756 4200; x_wconf 73' lang='lat' dir='ltr'>Maru.</span> <span class='ocrx_word' id='word_1_298' title='bbox 774 4143 820 4216; x_wconf 82' lang='lat'>16,</span> <span class='ocrx_word' id='word_1_299' title='bbox 835 4141 926 4198; x_wconf 82' lang='lat'>22-23</span> <span class='ocrx_word' id='word_1_300' title='bbox 942 4139 1025 4200; x_wconf 82' lang='lat' dir='ltr'>diota</span> <span class='ocrx_word' id='word_1_301' title='bbox 1039 4140 1122 4198; x_wconf 86' lang='lat' dir='ltr'>sunt.</span> 
     </span>
    </p>

    <p class='ocr_par' dir='ltr' id='par_1_11' title="bbox 297 4217 537 4288">
     <span class='ocr_line' id='line_1_38' title="bbox 297 4217 537 4288; baseline -0.008 -14"><span class='ocrx_word' id='word_1_302' title='bbox 297 4219 326 4274; x_wconf 83' lang='lat'>4.</span> <span class='ocrx_word' id='word_1_303' title='bbox 347 4217 431 4274; x_wconf 80' lang='lat' dir='ltr'>Ionu.</span> <span class='ocrx_word' id='word_1_304' title='bbox 445 4220 473 4288; x_wconf 83' lang='lat'>2,</span> <span class='ocrx_word' id='word_1_305' title='bbox 491 4220 537 4276; x_wconf 86' lang='lat'>19.</span> 
     </span>
    </p>

    <p class='ocr_par' dir='ltr' id='par_1_12' title="bbox 174 4294 624 4366">
     <span class='ocr_line' id='line_1_39' title="bbox 174 4294 624 4366; baseline 0.002 -14"><span class='ocrx_word' id='word_1_306' title='bbox 174 4320 179 4326; x_wconf 62' lang='lat'>¹</span> <span class='ocrx_word' id='word_1_307' title='bbox 295 4296 324 4352; x_wconf 83' lang='lat'>5.</span> <span class='ocrx_word' id='word_1_308' title='bbox 344 4294 443 4360; x_wconf 79' lang='lat' dir='ltr'>Mnus.</span> <span class='ocrx_word' id='word_1_309' title='bbox 458 4297 506 4366; x_wconf 84' lang='grc'>20,</span> <span class='ocrx_word' id='word_1_310' title='bbox 522 4297 569 4353; x_wconf 90' lang='grc'>22.</span> <span class='ocrx_word' id='word_1_311' title='bbox 617 4320 624 4334; x_wconf 94' lang='grc'><em>·</em></span> 
     </span>
    </p>

    <p class='ocr_par' dir='ltr' id='par_1_13' title="bbox 293 4373 544 4450">
     <span class='ocr_line' id='line_1_40' title="bbox 293 4373 544 4450; baseline -0.008 -19"><span class='ocrx_word' id='word_1_312' title='bbox 293 4373 322 4431; x_wconf 82' lang='grc'>6.</span> <span class='ocrx_word' id='word_1_313' title='bbox 346 4373 419 4434; x_wconf 83' lang='lat' dir='ltr'>Luc.</span> <span class='ocrx_word' id='word_1_314' title='bbox 437 4374 482 4450; x_wconf 84' lang='lat'>12,</span> <span class='ocrx_word' id='word_1_315' title='bbox 497 4373 544 4430; x_wconf 84' lang='lat'>51.</span> 
     </span>
    </p>
   </div>
   <div class='ocr_carea' id='block_1_8' title="bbox 0 0 1648 5020">
    <p class='ocr_par' dir='ltr' id='par_1_14' title="bbox 0 0 1648 5020">
     <span class='ocr_line' id='line_1_41' title="bbox 0 0 1648 5020; baseline 0 0"><span class='ocrx_word' id='word_1_316' title='bbox 0 0 1648 5020; x_wconf 95' lang='lat' dir='ltr'> </span> 
     </span>
    </p>
   </div>
  </div>
 </body>
</html>
