3260 5020
1249 285 1318 358 247

225 409 436 510 ⁸,Scripturas
452 411 516 488 tibi
534 437 606 486 non
623 425 782 514 apparet,
792 444 859 502 ,cur
876 421 998 495 labore
1017 415 1179 489 lectionis
1199 436 1320 486 earum

230 513 351 585 oculos
369 513 567 592 debilitas?
586 519 803 615 Vespertilio
821 525 873 598 tui
892 522 1018 597 similis
1037 527 1102 592 est.
1122 518 1215 607 Quia
1234 515 1321 588 emi-

230 621 352 688 cantes
370 617 489 690 radios
508 620 595 692 solis
613 623 705 693 ferra
732 649 803 698 non
821 634 975 722 poteras,
994 619 1211 695 renunciasti
1238 617 1321 710 diei,

228 725 268 788 ut
285 741 350 814 per
369 727 555 814 cognatam
576 723 642 796 tibi
659 733 797 800 noctem
817 726 1101 802 circumvolares.
1118 722 1157 796 Si
1174 725 1321 796 abscon-

229 819 339 892 ditam
365 821 481 895 lucem
509 823 773 920 Scripturarum
810 833 943 905 intueri
977 827 1124 924 nequis,
1151 822 1323 898 renuncia

229 921 354 1014 labori,
373 945 433 996 eas
448 927 572 1020 quavis
591 927 702 1000 hora¹
722 930 876 1026 legendi.
896 928 1155 1031 Vespertiliimi
1176 950 1247 998 nox
1267 930 1322 997 est

229 1023 308 1096 loco
326 1025 409 1117 diei,
429 1034 466 1100 et
481 1029 547 1102 tibi
572 1027 649 1102 loco
668 1031 748 1126 Dei,
766 1036 827 1129 qui
845 1036 882 1108 in
908 1033 1094 1132 prophetis
1119 1029 1321 1124 descriptus

231 1133 297 1221 est,
314 1127 449 1204 vitulus
466 1130 543 1221 fuit,
558 1155 661 1228 quem
678 1135 822 1230 opifices
840 1139 1010 1211 fecerunt.
1025 1135 1101 1208 Aut
1118 1132 1220 1204 iilum
1239 1130 1322 1202 ado-

230 1252 282 1322 re,
300 1254 406 1325 quem
432 1234 628 1329 prophetae
655 1239 918 1333 praedicarunt,
937 1247 1000 1311 aut
1025 1258 1106 1308 eum
1135 1231 1240 1329 quem
1258 1254 1321 1328 pa-

233 1338 306 1410 tres
324 1333 377 1405 tui
393 1333 575 1412 fuderunt.
593 1337 619 1408 J
620 1360 704 1410 osus
718 1363 857 1437 quoque
876 1343 970 1416 fitius
989 1341 1091 1414 Nave
1111 1337 1224 1408 dixit:
1247 1333 1323 1406 “D-

233 1432 335 1528 iigite
353 1436 453 1509 vobis
471 1437 587 1532 hodie,
610 1463 715 1535 quem
735 1441 871 1537 colatis,
887 1448 1008 1517 utrum
1026 1441 1154 1531 Deum,
1172 1462 1218 1510 an
1239 1437 1324 1508 deos

238 1535 324 1609 istos
343 1577 358 1612 a
374 1537 402 1610 ².
429 1537 501 1611 Cor
520 1547 618 1616 tuum
643 1542 753 1638 elegit
771 1546 856 1618 deos
874 1547 1029 1620 iliorum.
1057 1543 1149 1615 Sunt
1170 1541 1235 1613 tibi
1260 1558 1326 1634 pro

237 1637 421 1734 Scriptura
447 1648 483 1713 et
509 1645 693 1740 prophetis
719 1647 819 1720 furor
845 1647 1053 1744 gentilium,
1079 1667 1144 1740 pro
1178 1639 1328 1738 psalmis

238 1742 375 1814 cantica
393 1743 603 1818 saltationis.
624 1747 726 1835 Quod
743 1751 957 1848 projecimus
976 1774 997 1822 a
1013 1747 1127 1838 nobis,
1149 1745 1250 1818 vobis
1268 1741 1328 1814 de·

236 1841 352 1916 dimus
372 1851 408 1916 et
425 1849 519 1940 quod
538 1861 604 1948 vos
620 1850 837 1946 projecistis,
852 1855 897 1926 ad
915 1877 980 1926 nos
1007 1847 1180 1947 pervenit.
1208 1845 1247 1919 si
1265 1867 1327 1915 no·

234 1945 291 2018 bis
307 1947 472 2032 omnibus
498 1965 609 2024 unum
627 1975 778 2046 regnum
805 1956 984 2029 coelorum
1006 1957 1150 2025 nonest
1176 1947 1327 2046 promis·

236 2071 326 2140 sum,
345 2049 475 2122 sufficit
492 2054 593 2128 vobis
613 2056 776 2128 omnibus
794 2082 867 2130 una
891 2059 1063 2154 gehenna.

338 2149 618 2245 Deus,Deus
644 2180 948 2256 meus,quare
975 2149 1325 2248 moderatique

236 2251 309 2324 sti.
336 2253 464 2328 Victus
484 2265 539 2330 est
564 2258 738 2333 Dominus
757 2285 779 2333 a
795 2271 922 2358 morte,
940 2284 1030 2358 quae
1057 2282 1138 2331 eum
1164 2255 1247 2328 fecit
1273 2260 1325 2325 ta·
1366 2303 1373 2309 -

237 2375 328 2448 cere,
360 2356 472 2428 donec
498 2360 536 2432 in
563 2383 701 2434 crucem
730 2366 962 2459 ascenderet;
990 2367 1134 2436 econtra
1160 2357 1327 2430 Christus

235 2456 321 2530 vicit
338 2465 500 2554 mortem,
518 2487 628 2558 quum
646 2464 684 2536 in
702 2489 840 2560 crucem
863 2476 963 2540 aetus
982 2471 1085 2538 esset.
1114 2461 1209 2534 Dum
1231 2482 1327 2531 mors

236 2581 347 2632 unum
360 2561 398 2633 in
409 2583 518 2635 'cruce
537 2565 682 2661 ligabat,
697 2568 811 2664 multi,
825 2571 887 2666 q'ui
901 2571 938 2642 in
957 2567 1079 2641 inferis
1098 2563 1201 2658 ligati
1216 2567 1328 2655 erant,

237 2685 302 2758 per
320 2663 463 2736 vincula
488 2667 593 2740 unius
623 2669 765 2744 liberati
792 2679 884 2746 sunt.
912 2670 1061 2746 Veraois
1087 2665 1231 2740 Domini
1251 2686 1331 2736 ver-

238 2765 304 2838 ba:
327 2765 430 2858 «Eli,
448 2767 519 2861 Eli,
545 2793 655 2864 quare
683 2795 739 2844 me
774 2774 998 2870 dereliquisti
1016 2811 1054 2866 n,
1080 2767 1223 2845 veritati
1249 2787 1331 2835 con·

235 2867 442 2962 cordobant,
466 2871 642 2946 derisores
670 2882 790 2948 autem
816 2877 998 2948 mendacio
1026 2897 1089 2945 suo
1119 2871 1208 2942 haee
1233 2867 1329 2961 adje-

236 2977 381 3042 cerunt:
412 2973 719 3070 «Videamus,
747 2977 786 3050 si
812 2978 946 3051 Elias
976 2975 1120 3066 venit,
1148 2978 1197 3043 ut
1228 2992 1326 3040 eum

236 3069 386 3148 faciat
413 3072 721 3152 descendere.
750 3080 843 3168 Quia
867 3081 1003 3176 primae
1037 3077 1120 3150 huic
1146 3073 1224 3146 uoci
1246 3070 1327 3142 iliu-

238 3169 369 3248 debant
387 3177 569 3251 dicentes:
592 3202 606 3236 α
621 3181 716 3270 Quid
734 3189 799 3274 est,
818 3183 912 3278 qnod
937 3181 1042 3255 Elias·
1057 3203 1138 3252 eum
1156 3200 1228 3248 non
1246 3173 1331 3245 facit

239 3275 454 3352 descendere
469 3320 498 3375 a,
520 3281 636 3355 denuo
656 3284 771 3359 altera
787 3309 859 3358 vox
880 3275 1056 3375 clamavit,
1075 3304 1180 3378 quam
1199 3275 1331 3351 mortni

238 3379 442 3454 audierunt.
457 3383 559 3480 eique
587 3387 807 3481 obedierunt,
828 3394 874 3460 ut
900 3387 1159 3476 ostenderetur,
1184 3382 1214 3454 si
1236 3403 1329 3452 mor-

239 3479 313 3574 tui,
343 3484 472 3578 quibus
504 3487 645 3561 auditus
676 3513 748 3563 non
778 3497 852 3584 est,
884 3514 963 3562 eum
994 3487 1192 3577 audierint,
1215 3483 1328 3555 multo

240 3581 356 3678 magis
373 3583 474 3658 vivos
493 3612 572 3662 eum
591 3591 714 3664 audire
733 3619 849 3690 posse.
869 3595 1050 3684 Attamen,
1070 3613 1177 3685 quum
1198 3584 1242 3656 ad
1261 3584 1330 3654 Pa-

240 3690 331 3757 trem
364 3711 466 3760 suum
494 3689 703 3789 clamasset,
731 3720 793 3769 cur
819 3695 949 3768 mortni
976 3716 1042 3790 pro
1068 3693 1176 3763 Patre
1204 3710 1268 3758 suo
1296 3684 1330 3755 ei
1369 3751 1381 3785 ,

160 3835 161 3838 =
240 3790 532 3885 responderunt?
550 3794 620 3867 Sed
640 3797 671 3870 si
688 3797 796 3872 Pater
813 3821 878 3892 per
896 3802 1054 3868 mortuos
1074 3817 1154 3866 eum
1180 3787 1328 3880 audivit,

241 3890 315 3964 vivi
334 3893 518 3966 eonsilium
540 3897 724 3995 accipiant,
742 3909 777 3974 et
795 3903 1093 3989 commoveantur,
1110 3902 1150 3968 ut
1168 3917 1247 3965 eum
1268 3915 1329 3962 au-

240 3991 368 4068 dirent.
402 3995 494 4085 Quia
522 4011 608 4094 ergo
638 4025 660 4074 a
689 4003 839 4077 veritate
869 4003 1005 4100 primae
1036 3999 1133 4074 vocis
1149 4077 1151 4084 ¹
1169 3993 1330 4093 perversi

324 4184 350 4240 1.
371 4183 495 4244 Verba:
512 4187 654 4256 “Quavis
665 4190 765 4258 hora„
781 4192 812 4252 in
827 4193 931 4254 oodB
946 4194 985 4254 ad
1000 4197 1180 4272 sequentem
1207 4191 1328 4251 sentem

244 4261 316 4320 tiam
331 4259 517 4321 referuntur.
820 4274 822 4278 ’

323 4339 351 4396 a
373 4339 437 4399 Jos.
453 4343 563 4418 aare.
