<?xml version="1.0" encoding="UTF-8"?>
<!DOCTYPE html PUBLIC "-//W3C//DTD XHTML 1.0 Transitional//EN"
    "http://www.w3.org/TR/xhtml1/DTD/xhtml1-transitional.dtd">
<html xmlns="http://www.w3.org/1999/xhtml" xml:lang="en" lang="en">
 <head>
  <title>
</title>
<meta http-equiv="Content-Type" content="text/html;charset=utf-8" />
  <meta name='ocr-system' content='tesseract 3.04.00' />
  <meta name='ocr-capabilities' content='ocr_page ocr_carea ocr_par ocr_line ocrx_word'/>
</head>
<body>
  <div class='ocr_page' id='page_1' title='image "./evangeliiconcor00msgoog_0109.png"; bbox 0 0 3218 5024; ppageno 0'>
   <div class='ocr_carea' id='block_1_1' title="bbox 319 445 1406 652">
    <p class='ocr_par' dir='ltr' id='par_1_1' title="bbox 319 445 1406 652">
     <span class='ocr_line' id='line_1_1' title="bbox 319 445 1406 549; baseline -0.002 -24"><span class='ocrx_word' id='word_1_1' title='bbox 319 474 403 526; x_wconf 89' lang='lat' dir='ltr'>vero</span> <span class='ocrx_word' id='word_1_2' title='bbox 416 473 540 524; x_wconf 92' lang='lat' dir='ltr'>manus</span> <span class='ocrx_word' id='word_1_3' title='bbox 559 450 635 547; x_wconf 86' lang='lat' dir='ltr'>ejus</span> <span class='ocrx_word' id='word_1_4' title='bbox 649 472 762 522; x_wconf 87' lang='lat' dir='ltr'>vacua</span> <span class='ocrx_word' id='word_1_5' title='bbox 777 473 814 523; x_wconf 88' lang='lat' dir='ltr'>se</span> <span class='ocrx_word' id='word_1_6' title='bbox 830 449 1056 544; x_wconf 85' lang='lat' dir='ltr'>extendebat,</span> <span class='ocrx_word' id='word_1_7' title='bbox 1076 450 1174 522; x_wconf 89' lang='lat' dir='ltr'>sinus</span> <span class='ocrx_word' id='word_1_8' title='bbox 1191 450 1266 546; x_wconf 83' lang='lat' dir='ltr'>ejus</span> <span class='ocrx_word' id='word_1_9' title='bbox 1280 445 1406 549; x_wconf 87' lang='lat' dir='ltr'>imple-</span> 
     </span>
     <span class='ocr_line' id='line_1_2' title="bbox 320 554 1404 652; baseline -0.001 -24"><span class='ocrx_word' id='word_1_10' title='bbox 320 563 378 629; x_wconf 86' lang='lat' dir='ltr'>tus</span> <span class='ocrx_word' id='word_1_11' title='bbox 398 563 452 627; x_wconf 88' lang='lat' dir='ltr'>est</span> <span class='ocrx_word' id='word_1_12' title='bbox 470 555 630 627; x_wconf 89' lang='lat' dir='ltr'>sanitate.</span> <span class='ocrx_word' id='word_1_13' title='bbox 659 555 835 643; x_wconf 82' lang='lat' dir='ltr'>Quamdiu</span> <span class='ocrx_word' id='word_1_14' title='bbox 860 579 987 628; x_wconf 90' lang='lat' dir='ltr'>manus</span> <span class='ocrx_word' id='word_1_15' title='bbox 1015 557 1092 652; x_wconf 90' lang='lat' dir='ltr'>ejus</span> <span class='ocrx_word' id='word_1_16' title='bbox 1115 554 1314 630; x_wconf 83' lang='lat' dir='ltr'>visibilibus</span> <span class='ocrx_word' id='word_1_17' title='bbox 1342 557 1404 628; x_wconf 91' lang='lat' dir='ltr'>sti-</span> 
     </span>
    </p>
   </div>
   <div class='ocr_carea' id='block_1_2' title="bbox 304 658 1406 3141">
    <p class='ocr_par' dir='ltr' id='par_1_2' title="bbox 304 658 1406 1482">
     <span class='ocr_line' id='line_1_3' title="bbox 325 658 1406 756; baseline 0 -26"><span class='ocrx_word' id='word_1_18' title='bbox 325 659 464 756; x_wconf 89' lang='lat' dir='ltr'>pendiis</span> <span class='ocrx_word' id='word_1_19' title='bbox 482 659 699 754; x_wconf 77' lang='lat' dir='ltr'>replebatur,</span> <span class='ocrx_word' id='word_1_20' title='bbox 719 661 761 730; x_wconf 90' lang='lat' dir='ltr'>ab</span> <span class='ocrx_word' id='word_1_21' title='bbox 780 658 953 731; x_wconf 81' lang='lat' dir='ltr'>invisibili</span> <span class='ocrx_word' id='word_1_22' title='bbox 969 661 1038 731; x_wconf 90' lang='lat' dir='ltr'>fide</span> <span class='ocrx_word' id='word_1_23' title='bbox 1056 682 1166 733; x_wconf 90' lang='lat' dir='ltr'>vacua</span> <span class='ocrx_word' id='word_1_24' title='bbox 1185 667 1261 731; x_wconf 91' lang='lat' dir='ltr'>erat</span> <span class='ocrx_word' id='word_1_25' title='bbox 1274 685 1282 753; x_wconf 78' lang='lat'>3</span> <span class='ocrx_word' id='word_1_26' title='bbox 1297 683 1406 754; x_wconf 90' lang='lat' dir='ltr'>quum</span> 
     </span>
     <span class='ocr_line' id='line_1_4' title="bbox 317 762 1405 860; baseline -0.002 -25"><span class='ocrx_word' id='word_1_27' title='bbox 317 771 439 835; x_wconf 81' lang='lat' dir='ltr'>eutem</span> <span class='ocrx_word' id='word_1_28' title='bbox 458 762 599 835; x_wconf 77' lang='lat' dir='ltr'>visibile</span> <span class='ocrx_word' id='word_1_29' title='bbox 619 763 832 860; x_wconf 79' lang='lat' dir='ltr'>stipendium</span> <span class='ocrx_word' id='word_1_30' title='bbox 853 785 871 833; x_wconf 93' lang='lat' dir='ltr'>e</span> <span class='ocrx_word' id='word_1_31' title='bbox 890 787 999 834; x_wconf 89' lang='lat' dir='ltr'>manu</span> <span class='ocrx_word' id='word_1_32' title='bbox 1018 787 1206 835; x_wconf 82' lang='lat' dir='ltr'>excussum</span> <span class='ocrx_word' id='word_1_33' title='bbox 1226 770 1332 855; x_wconf 90' lang='lat' dir='ltr'>esset,</span> <span class='ocrx_word' id='word_1_34' title='bbox 1350 763 1405 834; x_wconf 92' lang='lat' dir='ltr'>in-</span> 
     </span>
     <span class='ocr_line' id='line_1_5' title="bbox 318 864 1404 963; baseline -0.002 -25"><span class='ocrx_word' id='word_1_35' title='bbox 318 867 451 940; x_wconf 90' lang='lat' dir='ltr'>visibili</span> <span class='ocrx_word' id='word_1_36' title='bbox 466 865 535 938; x_wconf 90' lang='lat' dir='ltr'>fide</span> <span class='ocrx_word' id='word_1_37' title='bbox 550 866 687 962; x_wconf 89' lang='lat' dir='ltr'>repleta</span> <span class='ocrx_word' id='word_1_38' title='bbox 700 873 763 938; x_wconf 90' lang='grc'><strong>681.</strong></span> <span class='ocrx_word' id='word_1_39' title='bbox 773 864 929 938; x_wconf 41' lang='lat' dir='ltr'>xVisibile</span> <span class='ocrx_word' id='word_1_40' title='bbox 949 867 1038 938; x_wconf 90' lang='lat' dir='ltr'>dans</span> <span class='ocrx_word' id='word_1_41' title='bbox 1058 866 1212 963; x_wconf 88' lang='lat' dir='ltr'>pretium</span> <span class='ocrx_word' id='word_1_42' title='bbox 1225 865 1404 939; x_wconf 92' lang='lat' dir='ltr'>visibilem</span> 
     </span>
     <span class='ocr_line' id='line_1_6' title="bbox 319 969 1404 1066; baseline -0.001 -24"><span class='ocrx_word' id='word_1_43' title='bbox 319 970 539 1042; x_wconf 92' lang='lat' dir='ltr'>sanationem</span> <span class='ocrx_word' id='word_1_44' title='bbox 557 993 629 1042; x_wconf 89' lang='lat' dir='ltr'>non</span> <span class='ocrx_word' id='word_1_45' title='bbox 647 970 805 1066; x_wconf 71' lang='lat' dir='ltr'>accepit,</span> <span class='ocrx_word' id='word_1_46' title='bbox 835 970 922 1042; x_wconf 89' lang='lat' dir='ltr'>dans</span> <span class='ocrx_word' id='word_1_47' title='bbox 954 977 1072 1042; x_wconf 90' lang='lat' dir='ltr'>autem</span> <span class='ocrx_word' id='word_1_48' title='bbox 1090 969 1196 1042; x_wconf 90' lang='lat' dir='ltr'>fidem</span> <span class='ocrx_word' id='word_1_49' title='bbox 1210 969 1404 1063; x_wconf 89' lang='lat' dir='ltr'>visibilem,</span> 
     </span>
     <span class='ocr_line' id='line_1_7' title="bbox 321 1073 1405 1170; baseline -0.002 -24"><span class='ocrx_word' id='word_1_50' title='bbox 321 1073 542 1146; x_wconf 91' lang='lat' dir='ltr'>sanationem</span> <span class='ocrx_word' id='word_1_51' title='bbox 561 1074 734 1146; x_wconf 86' lang='lat' dir='ltr'>occultam</span> <span class='ocrx_word' id='word_1_52' title='bbox 754 1073 899 1170; x_wconf 90' lang='lat' dir='ltr'>accepit.</span> <span class='ocrx_word' id='word_1_53' title='bbox 918 1073 1089 1161; x_wconf 83' lang='lat' dir='ltr'>Quamvis</span> <span class='ocrx_word' id='word_1_54' title='bbox 1108 1073 1326 1146; x_wconf 89' lang='lat' dir='ltr'>confidenter</span> <span class='ocrx_word' id='word_1_55' title='bbox 1344 1097 1405 1170; x_wconf 92' lang='lat' dir='ltr'>pe-</span> 
     </span>
     <span class='ocr_line' id='line_1_8' title="bbox 304 1177 1406 1273; baseline -0.003 -22"><span class='ocrx_word' id='word_1_56' title='bbox 304 1178 459 1252; x_wconf 89' lang='lat' dir='ltr'>cuniam</span> <span class='ocrx_word' id='word_1_57' title='bbox 479 1177 710 1273; x_wconf 75' lang='lat' dir='ltr'>expenderet,</span> <span class='ocrx_word' id='word_1_58' title='bbox 737 1178 936 1250; x_wconf 76' lang='lat' dir='ltr'>mercedem</span> <span class='ocrx_word' id='word_1_59' title='bbox 953 1184 1073 1250; x_wconf 90' lang='lat' dir='ltr'>tamen</span> <span class='ocrx_word' id='word_1_60' title='bbox 1099 1201 1164 1272; x_wconf 92' lang='lat' dir='ltr'>pro</span> <span class='ocrx_word' id='word_1_61' title='bbox 1193 1177 1406 1250; x_wconf 87' lang='lat' dir='ltr'>confidentia</span> 
     </span>
     <span class='ocr_line' id='line_1_9' title="bbox 320 1281 1405 1378; baseline -0.002 -24"><span class='ocrx_word' id='word_1_62' title='bbox 320 1305 393 1354; x_wconf 90' lang='lat' dir='ltr'>non</span> <span class='ocrx_word' id='word_1_63' title='bbox 419 1283 577 1376; x_wconf 72' lang='lat' dir='ltr'>recepit,</span> <span class='ocrx_word' id='word_1_64' title='bbox 605 1289 641 1354; x_wconf 89' lang='lat' dir='ltr'>at</span> <span class='ocrx_word' id='word_1_65' title='bbox 667 1281 806 1377; x_wconf 92' lang='lat' dir='ltr'>quando</span> <span class='ocrx_word' id='word_1_66' title='bbox 825 1281 924 1354; x_wconf 92' lang='lat' dir='ltr'>dedit</span> <span class='ocrx_word' id='word_1_67' title='bbox 951 1281 1128 1378; x_wconf 89' lang='lat' dir='ltr'>stipendia</span> <span class='ocrx_word' id='word_1_68' title='bbox 1153 1281 1246 1354; x_wconf 87' lang='lat' dir='ltr'>furto</span> <span class='ocrx_word' id='word_1_69' title='bbox 1274 1281 1405 1374; x_wconf 90' lang='lat' dir='ltr'>ablata,</span> 
     </span>
     <span class='ocr_line' id='line_1_10' title="bbox 320 1385 1403 1482; baseline -0.003 -24"><span class='ocrx_word' id='word_1_70' title='bbox 320 1385 476 1482; x_wconf 90' lang='lat' dir='ltr'>pretium</span> <span class='ocrx_word' id='word_1_71' title='bbox 497 1409 629 1480; x_wconf 92' lang='lat' dir='ltr'>eorum,</span> <span class='ocrx_word' id='word_1_72' title='bbox 656 1385 829 1456; x_wconf 91' lang='lat' dir='ltr'>occultam</span> <span class='ocrx_word' id='word_1_73' title='bbox 847 1385 983 1457; x_wconf 91' lang='lat' dir='ltr'>scilicet</span> <span class='ocrx_word' id='word_1_74' title='bbox 1011 1385 1228 1457; x_wconf 76' lang='lat' dir='ltr'>sanationem</span> <span class='ocrx_word' id='word_1_75' title='bbox 1256 1386 1403 1481; x_wconf 87' lang='lat' dir='ltr'>aceepit.</span> 
     </span>
    </p>

    <p class='ocr_par' dir='ltr' id='par_1_3' title="bbox 305 1489 1403 3141">
     <span class='ocr_line' id='line_1_11' title="bbox 425 1489 1402 1583; baseline 0 -23"><span class='ocrx_word' id='word_1_76' title='bbox 425 1489 541 1577; x_wconf 83' lang='lat' dir='ltr'>Quum</span> <span class='ocrx_word' id='word_1_77' title='bbox 561 1489 689 1560; x_wconf 89' lang='lat' dir='ltr'>medici</span> <span class='ocrx_word' id='word_1_78' title='bbox 707 1489 847 1561; x_wconf 92' lang='lat' dir='ltr'>dolores</span> <span class='ocrx_word' id='word_1_79' title='bbox 862 1489 1021 1562; x_wconf 90' lang='lat' dir='ltr'>mulieris</span> <span class='ocrx_word' id='word_1_80' title='bbox 1040 1496 1224 1583; x_wconf 83' lang='lat' dir='ltr'>augerent,</span> <span class='ocrx_word' id='word_1_81' title='bbox 1243 1489 1330 1583; x_wconf 91' lang='lat' dir='ltr'>quin</span> <span class='ocrx_word' id='word_1_82' title='bbox 1348 1512 1402 1560; x_wconf 88' lang='grc'>86-</span> 
     </span>
     <span class='ocr_line' id='line_1_12' title="bbox 320 1592 1402 1684; baseline -0.001 -20"><span class='ocrx_word' id='word_1_83' title='bbox 320 1599 476 1684; x_wconf 89' lang='lat' dir='ltr'>naretur,</span> <span class='ocrx_word' id='word_1_84' title='bbox 495 1593 557 1666; x_wconf 91' lang='lat' dir='ltr'>alii</span> <span class='ocrx_word' id='word_1_85' title='bbox 573 1593 701 1664; x_wconf 88' lang='lat' dir='ltr'>medici</span> <span class='ocrx_word' id='word_1_86' title='bbox 719 1593 827 1665; x_wconf 92' lang='lat' dir='ltr'>astuti</span> <span class='ocrx_word' id='word_1_87' title='bbox 854 1593 943 1665; x_wconf 91' lang='lat' dir='ltr'>inita</span> <span class='ocrx_word' id='word_1_88' title='bbox 969 1593 1135 1665; x_wconf 89' lang='lat' dir='ltr'>societate</span> <span class='ocrx_word' id='word_1_89' title='bbox 1154 1593 1309 1664; x_wconf 91' lang='lat' dir='ltr'>omnium</span> <span class='ocrx_word' id='word_1_90' title='bbox 1326 1592 1402 1663; x_wconf 89' lang='lat' dir='ltr'>ani-</span> 
     </span>
     <span class='ocr_line' id='line_1_13' title="bbox 319 1697 1402 1792; baseline 0.001 -26"><span class='ocrx_word' id='word_1_91' title='bbox 319 1719 396 1768; x_wconf 89' lang='lat' dir='ltr'>mos</span> <span class='ocrx_word' id='word_1_92' title='bbox 414 1697 597 1787; x_wconf 87' lang='lat' dir='ltr'>fallebant,</span> <span class='ocrx_word' id='word_1_93' title='bbox 615 1721 660 1768; x_wconf 91' lang='lat' dir='ltr'>ne</span> <span class='ocrx_word' id='word_1_94' title='bbox 689 1697 869 1792; x_wconf 91' lang='lat' dir='ltr'>abaliquo</span> <span class='ocrx_word' id='word_1_95' title='bbox 894 1697 1088 1769; x_wconf 88' lang='lat' dir='ltr'>communis</span> <span class='ocrx_word' id='word_1_96' title='bbox 1110 1719 1233 1768; x_wconf 90' lang='lat' dir='ltr'>eorum</span> <span class='ocrx_word' id='word_1_97' title='bbox 1261 1719 1318 1768; x_wconf 88' lang='lat' dir='ltr'>ars</span> <span class='ocrx_word' id='word_1_98' title='bbox 1337 1697 1402 1767; x_wconf 85' lang='lat' dir='ltr'>dif-</span> 
     </span>
     <span class='ocr_line' id='line_1_14' title="bbox 318 1799 1401 1896; baseline 0 -26"><span class='ocrx_word' id='word_1_99' title='bbox 318 1799 523 1873; x_wconf 89' lang='lat' dir='ltr'>famaretur.</span> <span class='ocrx_word' id='word_1_100' title='bbox 559 1801 611 1872; x_wconf 85' lang='lat' dir='ltr'>At</span> <span class='ocrx_word' id='word_1_101' title='bbox 646 1800 819 1872; x_wconf 88' lang='lat' dir='ltr'>Dominus</span> <span class='ocrx_word' id='word_1_102' title='bbox 853 1801 890 1872; x_wconf 93' lang='lat' dir='ltr'>in</span> <span class='ocrx_word' id='word_1_103' title='bbox 924 1801 1121 1894; x_wconf 88' lang='lat' dir='ltr'>mulierem,</span> <span class='ocrx_word' id='word_1_104' title='bbox 1157 1822 1246 1896; x_wconf 91' lang='lat' dir='ltr'>quae</span> <span class='ocrx_word' id='word_1_105' title='bbox 1282 1805 1401 1871; x_wconf 84' lang='lat' dir='ltr'>astuta</span> 
     </span>
     <span class='ocr_line' id='line_1_15' title="bbox 318 1893 1400 2000; baseline 0 -26"><span class='ocrx_word' id='word_1_106' title='bbox 318 1903 410 1976; x_wconf 91' lang='lat' dir='ltr'>clam</span> <span class='ocrx_word' id='word_1_107' title='bbox 428 1905 628 1976; x_wconf 89' lang='lat' dir='ltr'>accedendo</span> <span class='ocrx_word' id='word_1_108' title='bbox 645 1903 801 1975; x_wconf 92' lang='lat' dir='ltr'>omnium</span> <span class='ocrx_word' id='word_1_109' title='bbox 825 1928 949 1976; x_wconf 90' lang='lat' dir='ltr'>sensus</span> <span class='ocrx_word' id='word_1_110' title='bbox 975 1903 1130 1998; x_wconf 88' lang='lat' dir='ltr'>fallebat,</span> <span class='ocrx_word' id='word_1_111' title='bbox 1157 1893 1400 2000; x_wconf 80' lang='lat' dir='ltr'>aspere&#39;inve-</span> 
     </span>
     <span class='ocr_line' id='line_1_16' title="bbox 318 2007 1401 2105; baseline -0.001 -27"><span class='ocrx_word' id='word_1_112' title='bbox 318 2007 426 2080; x_wconf 89' lang='lat' dir='ltr'>hebat</span> <span class='ocrx_word' id='word_1_113' title='bbox 443 2009 586 2080; x_wconf 89' lang='lat' dir='ltr'>dicens:</span> <span class='ocrx_word' id='word_1_114' title='bbox 609 2029 624 2064; x_wconf 65' lang='grc'><strong>6</strong></span> <span class='ocrx_word' id='word_1_115' title='bbox 642 2007 730 2094; x_wconf 80' lang='lat' dir='ltr'>Quis</span> <span class='ocrx_word' id='word_1_116' title='bbox 747 2032 803 2079; x_wconf 92' lang='lat' dir='ltr'>me</span> <span class='ocrx_word' id='word_1_117' title='bbox 822 2009 941 2104; x_wconf 83' lang='lat' dir='ltr'>tetigit</span> <span class='ocrx_word' id='word_1_118' title='bbox 958 2047 987 2102; x_wconf 66' lang='lat' dir='ltr'>a,</span> <span class='ocrx_word' id='word_1_119' title='bbox 1013 2015 1053 2078; x_wconf 92' lang='lat' dir='ltr'>ut</span> <span class='ocrx_word' id='word_1_120' title='bbox 1071 2007 1158 2079; x_wconf 87' lang='lat' dir='ltr'>fides</span> <span class='ocrx_word' id='word_1_121' title='bbox 1191 2014 1312 2105; x_wconf 87' lang='lat' dir='ltr'>aperte</span> <span class='ocrx_word' id='word_1_122' title='bbox 1340 2007 1401 2078; x_wconf 92' lang='lat' dir='ltr'>de-</span> 
     </span>
     <span class='ocr_line' id='line_1_17' title="bbox 319 2109 1400 2206; baseline 0.002 -26"><span class='ocrx_word' id='word_1_123' title='bbox 319 2109 454 2184; x_wconf 90' lang='lat' dir='ltr'>clarata</span> <span class='ocrx_word' id='word_1_124' title='bbox 472 2115 515 2184; x_wconf 93' lang='lat' dir='ltr'>ab</span> <span class='ocrx_word' id='word_1_125' title='bbox 534 2113 696 2184; x_wconf 90' lang='lat' dir='ltr'>omnibus</span> <span class='ocrx_word' id='word_1_126' title='bbox 716 2111 821 2183; x_wconf 90' lang='lat' dir='ltr'>simul</span> <span class='ocrx_word' id='word_1_127' title='bbox 846 2112 1062 2184; x_wconf 89' lang='lat' dir='ltr'>laudaretur.</span> <span class='ocrx_word' id='word_1_128' title='bbox 1088 2112 1136 2184; x_wconf 85' lang='lat' dir='ltr'>Et</span> <span class='ocrx_word' id='word_1_129' title='bbox 1153 2111 1218 2206; x_wconf 91' lang='lat' dir='ltr'>illi,</span> <span class='ocrx_word' id='word_1_130' title='bbox 1238 2111 1400 2206; x_wconf 88' lang='lat' dir='ltr'>quamvis</span> 
     </span>
     <span class='ocr_line' id='line_1_18' title="bbox 319 2215 1403 2312; baseline 0.001 -28"><span class='ocrx_word' id='word_1_131' title='bbox 319 2215 382 2285; x_wconf 93' lang='lat' dir='ltr'>uni</span> <span class='ocrx_word' id='word_1_132' title='bbox 417 2217 647 2288; x_wconf 79' lang='lat' dir='ltr'>mulierculae</span> <span class='ocrx_word' id='word_1_133' title='bbox 675 2215 842 2289; x_wconf 74' lang='lat' dir='ltr'>adhibitis</span> <span class='ocrx_word' id='word_1_134' title='bbox 869 2215 1036 2287; x_wconf 87' lang='lat' dir='ltr'>remediis</span> <span class='ocrx_word' id='word_1_135' title='bbox 1058 2239 1130 2286; x_wconf 93' lang='lat' dir='ltr'>non</span> <span class='ocrx_word' id='word_1_136' title='bbox 1157 2221 1303 2312; x_wconf 84' lang='lat' dir='ltr'>possent</span> <span class='ocrx_word' id='word_1_137' title='bbox 1328 2229 1403 2286; x_wconf 88' lang='lat' dir='ltr'>me-</span> 
     </span>
     <span class='ocr_line' id='line_1_19' title="bbox 318 2317 1400 2416; baseline -0.001 -28"><span class='ocrx_word' id='word_1_138' title='bbox 318 2317 406 2412; x_wconf 84' lang='lat' dir='ltr'>deri,</span> <span class='ocrx_word' id='word_1_139' title='bbox 419 2327 538 2392; x_wconf 90' lang='lat' dir='ltr'>tamen</span> <span class='ocrx_word' id='word_1_140' title='bbox 553 2319 644 2391; x_wconf 93' lang='lat' dir='ltr'>datis</span> <span class='ocrx_word' id='word_1_141' title='bbox 663 2319 843 2416; x_wconf 90' lang='lat' dir='ltr'>responsis</span> <span class='ocrx_word' id='word_1_142' title='bbox 856 2319 1049 2390; x_wconf 90' lang='lat' dir='ltr'>multorum</span> <span class='ocrx_word' id='word_1_143' title='bbox 1063 2319 1198 2391; x_wconf 93' lang='lat' dir='ltr'>animos</span> <span class='ocrx_word' id='word_1_144' title='bbox 1213 2321 1400 2411; x_wconf 85' lang='lat' dir='ltr'>sanabant;</span> 
     </span>
     <span class='ocr_line' id='line_1_20' title="bbox 305 2422 1400 2515; baseline 0.002 -25"><span class='ocrx_word' id='word_1_145' title='bbox 305 2427 354 2492; x_wconf 76' lang='lat' dir='ltr'>&#39;at</span> <span class='ocrx_word' id='word_1_146' title='bbox 372 2423 558 2514; x_wconf 90' lang='lat' dir='ltr'>Dominus,</span> <span class='ocrx_word' id='word_1_147' title='bbox 577 2422 644 2494; x_wconf 90' lang='lat' dir='ltr'>etsi</span> <span class='ocrx_word' id='word_1_148' title='bbox 662 2424 824 2496; x_wconf 91' lang='lat' dir='ltr'>omnibus</span> <span class='ocrx_word' id='word_1_149' title='bbox 843 2422 1023 2494; x_wconf 88' lang='lat' dir='ltr'>sanatione</span> <span class='ocrx_word' id='word_1_150' title='bbox 1044 2446 1108 2494; x_wconf 90' lang='lat' dir='ltr'>sua</span> <span class='ocrx_word' id='word_1_151' title='bbox 1134 2422 1323 2515; x_wconf 88' lang='lat' dir='ltr'>sufficeret,</span> <span class='ocrx_word' id='word_1_152' title='bbox 1347 2429 1400 2492; x_wconf 89' lang='grc'>16-</span> 
     </span>
     <span class='ocr_line' id='line_1_21' title="bbox 317 2525 1399 2621; baseline 0.004 -25"><span class='ocrx_word' id='word_1_153' title='bbox 317 2549 398 2596; x_wconf 89' lang='lat' dir='ltr'>men</span> <span class='ocrx_word' id='word_1_154' title='bbox 411 2527 449 2597; x_wconf 94' lang='lat' dir='ltr'>in</span> <span class='ocrx_word' id='word_1_155' title='bbox 462 2527 578 2598; x_wconf 92' lang='lat' dir='ltr'>dando</span> <span class='ocrx_word' id='word_1_156' title='bbox 595 2549 767 2621; x_wconf 89' lang='lat' dir='ltr'>responso</span> <span class='ocrx_word' id='word_1_157' title='bbox 782 2549 826 2597; x_wconf 92' lang='lat' dir='ltr'>ne</span> <span class='ocrx_word' id='word_1_158' title='bbox 840 2526 902 2596; x_wconf 90' lang='lat' dir='ltr'>uni</span> <span class='ocrx_word' id='word_1_159' title='bbox 915 2525 1058 2621; x_wconf 90' lang='lat' dir='ltr'>quidem</span> <span class='ocrx_word' id='word_1_160' title='bbox 1074 2525 1234 2596; x_wconf 88' lang='lat' dir='ltr'>sufficere</span> <span class='ocrx_word' id='word_1_161' title='bbox 1248 2525 1399 2600; x_wconf 67' lang='lat' dir='ltr'>voluitl.</span> 
     </span>
     <span class='ocr_line' id='line_1_22' title="bbox 319 2627 1400 2726; baseline 0.001 -27"><span class='ocrx_word' id='word_1_162' title='bbox 319 2627 422 2714; x_wconf 83' lang='lat' dir='ltr'>Quod</span> <span class='ocrx_word' id='word_1_163' title='bbox 448 2631 542 2723; x_wconf 86' lang='lat' dir='ltr'>fecit,</span> <span class='ocrx_word' id='word_1_164' title='bbox 569 2653 641 2703; x_wconf 91' lang='lat' dir='ltr'>non</span> <span class='ocrx_word' id='word_1_165' title='bbox 667 2635 845 2725; x_wconf 89' lang='lat' dir='ltr'>tamquam</span> <span class='ocrx_word' id='word_1_166' title='bbox 866 2631 1049 2725; x_wconf 80' lang='lat' dir='ltr'>ignoraret</span> <span class='ocrx_word' id='word_1_167' title='bbox 1066 2651 1287 2724; x_wconf 89' lang='lat' dir='ltr'>responsum,</span> <span class='ocrx_word' id='word_1_168' title='bbox 1306 2630 1400 2726; x_wconf 92' lang='lat' dir='ltr'>quod</span> 
     </span>
     <span class='ocr_line' id='line_1_23' title="bbox 317 2731 1401 2829; baseline 0.002 -27"><span class='ocrx_word' id='word_1_169' title='bbox 317 2731 446 2805; x_wconf 91' lang='lat' dir='ltr'>mulier</span> <span class='ocrx_word' id='word_1_170' title='bbox 473 2735 600 2806; x_wconf 90' lang='lat' dir='ltr'>datura</span> <span class='ocrx_word' id='word_1_171' title='bbox 625 2739 730 2827; x_wconf 89' lang='lat' dir='ltr'>esset,</span> <span class='ocrx_word' id='word_1_172' title='bbox 758 2733 820 2804; x_wconf 89' lang='lat' dir='ltr'>sed</span> <span class='ocrx_word' id='word_1_173' title='bbox 850 2741 890 2804; x_wconf 92' lang='lat' dir='ltr'>ut</span> <span class='ocrx_word' id='word_1_174' title='bbox 924 2739 1156 2829; x_wconf 89' lang='lat' dir='ltr'>praevertens</span> <span class='ocrx_word' id='word_1_175' title='bbox 1184 2733 1401 2807; x_wconf 79' lang='lat' dir='ltr'>describeret</span> 
     </span>
     <span class='ocr_line' id='line_1_24' title="bbox 319 2835 1399 2934; baseline 0 -27"><span class='ocrx_word' id='word_1_176' title='bbox 319 2859 379 2908; x_wconf 92' lang='lat' dir='ltr'>eos</span> <span class='ocrx_word' id='word_1_177' title='bbox 397 2837 459 2932; x_wconf 90' lang='lat' dir='ltr'>qui</span> <span class='ocrx_word' id='word_1_178' title='bbox 477 2836 608 2909; x_wconf 91' lang='lat' dir='ltr'>dicturi</span> <span class='ocrx_word' id='word_1_179' title='bbox 626 2843 766 2908; x_wconf 91' lang='lat' dir='ltr'>essent:</span> <span class='ocrx_word' id='word_1_180' title='bbox 788 2835 872 2906; x_wconf 69' lang='lat' dir='ltr'>“Tu</span> <span class='ocrx_word' id='word_1_181' title='bbox 887 2837 1060 2934; x_wconf 57' lang='lat' dir='ltr'><em>Q</em></span> <span class='ocrx_word' id='word_1_182' title='bbox 1073 2837 1275 2910; x_wconf 89' lang='lat' dir='ltr'>testificaris</span> <span class='ocrx_word' id='word_1_183' title='bbox 1302 2837 1345 2907; x_wconf 92' lang='lat' dir='ltr'>de</span> <span class='ocrx_word' id='word_1_184' title='bbox 1364 2844 1399 2907; x_wconf 92' lang='lat' dir='ltr'>te</span> 
     </span>
     <span class='ocr_line' id='line_1_25' title="bbox 316 2938 1400 3036; baseline 0.001 -26"><span class='ocrx_word' id='word_1_185' title='bbox 316 2938 405 3036; x_wconf 90' lang='lat' dir='ltr'>ipsc,</span> <span class='ocrx_word' id='word_1_186' title='bbox 432 2941 673 3013; x_wconf 89' lang='lat' dir='ltr'>testimonium</span> <span class='ocrx_word' id='word_1_187' title='bbox 699 2948 799 3011; x_wconf 88' lang='lat' dir='ltr'>tuum</span> <span class='ocrx_word' id='word_1_188' title='bbox 825 2963 896 3011; x_wconf 92' lang='lat' dir='ltr'>non</span> <span class='ocrx_word' id='word_1_189' title='bbox 923 2947 978 3012; x_wconf 90' lang='lat' dir='ltr'>est</span> <span class='ocrx_word' id='word_1_190' title='bbox 1003 2963 1127 3012; x_wconf 91' lang='lat' dir='ltr'>verum</span> <span class='ocrx_word' id='word_1_191' title='bbox 1141 2981 1168 3014; x_wconf 65' lang='lat' dir='ltr'>a.</span> <span class='ocrx_word' id='word_1_192' title='bbox 1192 2941 1400 3036; x_wconf 86' lang='lat' dir='ltr'>Propterea,</span> 
     </span>
     <span class='ocr_line' id='line_1_26' title="bbox 319 3043 1402 3141; baseline 0.002 -27"><span class='ocrx_word' id='word_1_193' title='bbox 319 3043 387 3116; x_wconf 89' lang='lat' dir='ltr'>etsi</span> <span class='ocrx_word' id='word_1_194' title='bbox 413 3045 528 3118; x_wconf 88' lang='lat' dir='ltr'>virtus</span> <span class='ocrx_word' id='word_1_195' title='bbox 556 3046 631 3141; x_wconf 87' lang='lat' dir='ltr'>ejus</span> <span class='ocrx_word' id='word_1_196' title='bbox 659 3043 844 3116; x_wconf 89' lang='lat' dir='ltr'>mulierem</span> <span class='ocrx_word' id='word_1_197' title='bbox 864 3049 1016 3137; x_wconf 90' lang='lat' dir='ltr'>sanaret,</span> <span class='ocrx_word' id='word_1_198' title='bbox 1043 3043 1168 3138; x_wconf 83' lang='lat' dir='ltr'>lingua</span> <span class='ocrx_word' id='word_1_199' title='bbox 1184 3050 1304 3116; x_wconf 90' lang='lat' dir='ltr'>tamen</span> <span class='ocrx_word' id='word_1_200' title='bbox 1325 3045 1402 3141; x_wconf 88' lang='lat' dir='ltr'>ejus</span> 
     </span>
    </p>
   </div>
   <div class='ocr_carea' id='block_1_3' title="bbox 318 3147 1401 3246">
    <p class='ocr_par' dir='ltr' id='par_1_4' title="bbox 318 3147 1401 3246">
     <span class='ocr_line' id='line_1_27' title="bbox 318 3147 1401 3246; baseline 0.002 -28"><span class='ocrx_word' id='word_1_201' title='bbox 318 3147 392 3219; x_wconf 89' lang='lat' dir='ltr'>illis</span> <span class='ocrx_word' id='word_1_202' title='bbox 411 3172 482 3223; x_wconf 91' lang='lat' dir='ltr'>non</span> <span class='ocrx_word' id='word_1_203' title='bbox 499 3147 776 3246; x_wconf 65' lang='lat' dir='ltr'>persuasitas</span> <span class='ocrx_word' id='word_1_204' title='bbox 794 3147 877 3218; x_wconf 90' lang='lat' dir='ltr'>licet</span> <span class='ocrx_word' id='word_1_205' title='bbox 894 3148 1019 3242; x_wconf 84' lang='lat' dir='ltr'>lingua</span> <span class='ocrx_word' id='word_1_206' title='bbox 1037 3148 1112 3243; x_wconf 89' lang='lat' dir='ltr'>ejus</span> <span class='ocrx_word' id='word_1_207' title='bbox 1141 3148 1184 3219; x_wconf 91' lang='lat' dir='ltr'>de</span> <span class='ocrx_word' id='word_1_208' title='bbox 1209 3149 1277 3220; x_wconf 91' lang='lat' dir='ltr'>hac</span> <span class='ocrx_word' id='word_1_209' title='bbox 1295 3173 1334 3220; x_wconf 92' lang='grc'>16</span> <span class='ocrx_word' id='word_1_210' title='bbox 1354 3149 1401 3220; x_wconf 89' lang='grc'>81-</span> 
     </span>
    </p>
   </div>
   <div class='ocr_carea' id='block_1_4' title="bbox 213 3249 1401 3348">
    <p class='ocr_par' dir='ltr' id='par_1_5' title="bbox 213 3249 1401 3348">
     <span class='ocr_line' id='line_1_28' title="bbox 213 3249 1401 3348; baseline 0.002 -28"><span class='ocrx_word' id='word_1_211' title='bbox 213 3328 215 3335; x_wconf 52' lang='grc'><strong>,</strong></span> <span class='ocrx_word' id='word_1_212' title='bbox 317 3249 420 3344; x_wconf 89' lang='grc'><strong>16161,</strong></span> <span class='ocrx_word' id='word_1_213' title='bbox 438 3259 558 3324; x_wconf 89' lang='lat' dir='ltr'>tamen</span> <span class='ocrx_word' id='word_1_214' title='bbox 578 3275 666 3348; x_wconf 91' lang='lat' dir='ltr'>opus</span> <span class='ocrx_word' id='word_1_215' title='bbox 686 3251 762 3346; x_wconf 90' lang='lat' dir='ltr'>ejus</span> <span class='ocrx_word' id='word_1_216' title='bbox 780 3257 821 3322; x_wconf 97' lang='lat' dir='ltr'>ut</span> <span class='ocrx_word' id='word_1_217' title='bbox 838 3254 922 3324; x_wconf 92' lang='lat' dir='ltr'>tuba</span> <span class='ocrx_word' id='word_1_218' title='bbox 946 3251 989 3322; x_wconf 92' lang='lat' dir='ltr'>de</span> <span class='ocrx_word' id='word_1_219' title='bbox 1013 3273 1056 3320; x_wconf 90' lang='grc'>66</span> <span class='ocrx_word' id='word_1_220' title='bbox 1082 3251 1266 3325; x_wconf 90' lang='lat' dir='ltr'>clamabat.</span> <span class='ocrx_word' id='word_1_221' title='bbox 1285 3253 1401 3325; x_wconf 83' lang='lat' dir='ltr'>Silen-</span> 
     </span>
    </p>
   </div>
   <div class='ocr_carea' id='block_1_5' title="bbox 317 3354 1404 4177">
    <p class='ocr_par' dir='ltr' id='par_1_6' title="bbox 317 3354 1401 3659">
     <span class='ocr_line' id='line_1_29' title="bbox 318 3354 1400 3452; baseline 0.004 -28"><span class='ocrx_word' id='word_1_222' title='bbox 318 3354 368 3425; x_wconf 86' lang='grc'>116</span> <span class='ocrx_word' id='word_1_223' title='bbox 387 3354 498 3449; x_wconf 81' lang='lat' dir='ltr'>igitur</span> <span class='ocrx_word' id='word_1_224' title='bbox 512 3357 588 3452; x_wconf 91' lang='lat' dir='ltr'>ejus</span> <span class='ocrx_word' id='word_1_225' title='bbox 604 3355 771 3449; x_wconf 91' lang='lat' dir='ltr'>superbia</span> <span class='ocrx_word' id='word_1_226' title='bbox 783 3355 927 3426; x_wconf 91' lang='lat' dir='ltr'>illorum</span> <span class='ocrx_word' id='word_1_227' title='bbox 943 3362 978 3425; x_wconf 91' lang='grc'>61</span> <span class='ocrx_word' id='word_1_228' title='bbox 991 3355 1105 3425; x_wconf 85' lang='lat' dir='ltr'>fastus</span> <span class='ocrx_word' id='word_1_229' title='bbox 1129 3356 1400 3450; x_wconf 89' lang='lat' dir='ltr'>reprimebatur,</span> 
     </span>
     <span class='ocr_line' id='line_1_30' title="bbox 318 3458 1401 3554; baseline 0.003 -24"><span class='ocrx_word' id='word_1_230' title='bbox 318 3483 383 3554; x_wconf 88' lang='lat' dir='ltr'>per</span> <span class='ocrx_word' id='word_1_231' title='bbox 401 3458 719 3553; x_wconf 82' lang='lat' dir='ltr'>interrogationem</span> <span class='ocrx_word' id='word_1_232' title='bbox 733 3464 851 3530; x_wconf 90' lang='lat' dir='ltr'>autern</span> <span class='ocrx_word' id='word_1_233' title='bbox 870 3458 944 3554; x_wconf 89' lang='lat' dir='ltr'>ejus</span> <span class='ocrx_word' id='word_1_234' title='bbox 963 3463 998 3528; x_wconf 93' lang='lat' dir='ltr'>et</span> <span class='ocrx_word' id='word_1_235' title='bbox 1015 3458 1255 3554; x_wconf 89' lang='lat' dir='ltr'>operationem</span> <span class='ocrx_word' id='word_1_236' title='bbox 1267 3460 1401 3534; x_wconf 89' lang='lat' dir='ltr'>veritas</span> 
     </span>
     <span class='ocr_line' id='line_1_31' title="bbox 317 3563 696 3659; baseline 0.003 -26"><span class='ocrx_word' id='word_1_237' title='bbox 317 3563 396 3659; x_wconf 88' lang='lat' dir='ltr'>ejus</span> <span class='ocrx_word' id='word_1_238' title='bbox 416 3563 696 3658; x_wconf 88' lang='lat' dir='ltr'>praedicabatur.</span> 
     </span>
    </p>

    <p class='ocr_par' dir='ltr' id='par_1_7' title="bbox 317 3665 1404 4177">
     <span class='ocr_line' id='line_1_32' title="bbox 421 3665 1401 3761; baseline 0.001 -22"><span class='ocrx_word' id='word_1_239' title='bbox 421 3665 460 3739; x_wconf 81' lang='lat' dir='ltr'>si</span> <span class='ocrx_word' id='word_1_240' title='bbox 477 3691 569 3740; x_wconf 90' lang='lat' dir='ltr'>unus</span> <span class='ocrx_word' id='word_1_241' title='bbox 588 3673 727 3737; x_wconf 90' lang='lat' dir='ltr'>tantum</span> <span class='ocrx_word' id='word_1_242' title='bbox 747 3665 902 3738; x_wconf 65' lang='lat' dir='ltr'>sensus2</span> <span class='ocrx_word' id='word_1_243' title='bbox 929 3671 1024 3736; x_wconf 89' lang='lat' dir='ltr'>esset</span> <span class='ocrx_word' id='word_1_244' title='bbox 1044 3665 1249 3761; x_wconf 83' lang='lat' dir='ltr'>Scripturae</span> <span class='ocrx_word' id='word_1_245' title='bbox 1268 3669 1401 3758; x_wconf 86' lang='lat' dir='ltr'>verbis,</span> 
     </span>
     <span class='ocr_line' id='line_1_33' title="bbox 319 3768 1404 3868; baseline 0.001 -26"><span class='ocrx_word' id='word_1_246' title='bbox 319 3770 454 3865; x_wconf 90' lang='lat' dir='ltr'>primus</span> <span class='ocrx_word' id='word_1_247' title='bbox 474 3771 621 3866; x_wconf 92' lang='lat' dir='ltr'>quisque</span> <span class='ocrx_word' id='word_1_248' title='bbox 639 3771 817 3865; x_wconf 90' lang='lat' dir='ltr'>interpres</span> <span class='ocrx_word' id='word_1_249' title='bbox 832 3794 912 3842; x_wconf 91' lang='lat' dir='ltr'>eum</span> <span class='ocrx_word' id='word_1_250' title='bbox 925 3768 1102 3841; x_wconf 91' lang='lat' dir='ltr'>inveniret</span> <span class='ocrx_word' id='word_1_251' title='bbox 1122 3777 1157 3840; x_wconf 93' lang='lat' dir='ltr'>et</span> <span class='ocrx_word' id='word_1_252' title='bbox 1174 3769 1265 3864; x_wconf 85' lang='lat' dir='ltr'>aliis,</span> <span class='ocrx_word' id='word_1_253' title='bbox 1281 3772 1342 3868; x_wconf 90' lang='lat' dir='ltr'>qui</span> <span class='ocrx_word' id='word_1_254' title='bbox 1361 3795 1404 3844; x_wconf 91' lang='grc'>66</span> 
     </span>
     <span class='ocr_line' id='line_1_34' title="bbox 317 3873 1400 3970; baseline 0.002 -26"><span class='ocrx_word' id='word_1_255' title='bbox 317 3874 477 3968; x_wconf 91' lang='lat' dir='ltr'>audiunt,</span> <span class='ocrx_word' id='word_1_256' title='bbox 496 3875 615 3946; x_wconf 90' lang='lat' dir='ltr'>nullus</span> <span class='ocrx_word' id='word_1_257' title='bbox 635 3874 762 3946; x_wconf 92' lang='lat' dir='ltr'>dehinc</span> <span class='ocrx_word' id='word_1_258' title='bbox 779 3874 879 3946; x_wconf 87' lang='lat' dir='ltr'>labor</span> <span class='ocrx_word' id='word_1_259' title='bbox 897 3880 991 3946; x_wconf 91' lang='lat' dir='ltr'>esset</span> <span class='ocrx_word' id='word_1_260' title='bbox 1009 3878 1044 3942; x_wconf 93' lang='lat' dir='ltr'>et</span> <span class='ocrx_word' id='word_1_261' title='bbox 1069 3873 1175 3946; x_wconf 91' lang='lat' dir='ltr'>sudor</span> <span class='ocrx_word' id='word_1_262' title='bbox 1194 3875 1400 3970; x_wconf 92' lang='lat' dir='ltr'>quaerendi,</span> 
     </span>
     <span class='ocr_line' id='line_1_35' title="bbox 318 3975 1404 4074; baseline 0.003 -26"><span class='ocrx_word' id='word_1_263' title='bbox 318 3983 354 4048; x_wconf 93' lang='lat' dir='ltr'>et</span> <span class='ocrx_word' id='word_1_264' title='bbox 370 3977 470 4050; x_wconf 87' lang='lat' dir='ltr'>nulla</span> <span class='ocrx_word' id='word_1_265' title='bbox 495 3985 575 4074; x_wconf 91' lang='lat' dir='ltr'>post</span> <span class='ocrx_word' id='word_1_266' title='bbox 601 3977 840 4050; x_wconf 89' lang='lat' dir='ltr'>inventionem</span> <span class='ocrx_word' id='word_1_267' title='bbox 866 3975 1052 4050; x_wconf 90' lang='lat' dir='ltr'>oblectatio</span> <span class='ocrx_word' id='word_1_268' title='bbox 1079 3985 1249 4050; x_wconf 89' lang='lat' dir='ltr'>maneret.</span> <span class='ocrx_word' id='word_1_269' title='bbox 1267 3979 1404 4052; x_wconf 88' lang='lat' dir='ltr'>Verum</span> 
     </span>
     <span class='ocr_line' id='line_1_36' title="bbox 317 4080 1403 4177; baseline 0.003 -26"><span class='ocrx_word' id='word_1_270' title='bbox 317 4080 466 4175; x_wconf 90' lang='lat' dir='ltr'>quodvis</span> <span class='ocrx_word' id='word_1_271' title='bbox 483 4084 632 4155; x_wconf 89' lang='lat' dir='ltr'>verbum</span> <span class='ocrx_word' id='word_1_272' title='bbox 650 4081 794 4154; x_wconf 92' lang='lat' dir='ltr'>Domini</span> <span class='ocrx_word' id='word_1_273' title='bbox 812 4103 938 4177; x_wconf 88' lang='lat' dir='ltr'>corpus</span> <span class='ocrx_word' id='word_1_274' title='bbox 951 4104 1054 4151; x_wconf 89' lang='lat' dir='ltr'>suurn</span> <span class='ocrx_word' id='word_1_275' title='bbox 1072 4081 1190 4175; x_wconf 87' lang='lat' dir='ltr'>habet,</span> <span class='ocrx_word' id='word_1_276' title='bbox 1206 4087 1241 4153; x_wconf 90' lang='lat' dir='ltr'>et</span> <span class='ocrx_word' id='word_1_277' title='bbox 1256 4081 1403 4154; x_wconf 89' lang='lat' dir='ltr'>cuilibet</span> 
     </span>
    </p>
   </div>
   <div class='ocr_carea' id='block_1_6' title="bbox 317 4259 1400 4483">
    <p class='ocr_par' dir='ltr' id='par_1_8' title="bbox 317 4259 1400 4483">
     <span class='ocr_line' id='line_1_37' title="bbox 397 4259 1400 4336; baseline 0.004 -19"><span class='ocrx_word' id='word_1_278' title='bbox 397 4261 423 4317; x_wconf 89' lang='lat'>1.</span> <span class='ocrx_word' id='word_1_279' title='bbox 443 4259 530 4318; x_wconf 87' lang='lat' dir='ltr'>Haec</span> <span class='ocrx_word' id='word_1_280' title='bbox 550 4260 702 4318; x_wconf 88' lang='lat' dir='ltr'>sententia</span> <span class='ocrx_word' id='word_1_281' title='bbox 716 4276 756 4318; x_wconf 86' lang='lat' dir='ltr'>ex</span> <span class='ocrx_word' id='word_1_282' title='bbox 771 4260 877 4320; x_wconf 87' lang='lat' dir='ltr'>cod.B</span> <span class='ocrx_word' id='word_1_283' title='bbox 897 4259 1047 4319; x_wconf 86' lang='lat' dir='ltr'>translata</span> <span class='ocrx_word' id='word_1_284' title='bbox 1068 4263 1126 4336; x_wconf 87' lang='lat' dir='ltr'>est,</span> <span class='ocrx_word' id='word_1_285' title='bbox 1148 4261 1218 4336; x_wconf 87' lang='lat' dir='ltr'>quia</span> <span class='ocrx_word' id='word_1_286' title='bbox 1238 4260 1269 4320; x_wconf 92' lang='lat' dir='ltr'>in</span> <span class='ocrx_word' id='word_1_287' title='bbox 1290 4261 1358 4320; x_wconf 87' lang='lat' dir='ltr'>cod.</span> <span class='ocrx_word' id='word_1_288' title='bbox 1371 4263 1400 4321; x_wconf 83' lang='lat' dir='ltr'>A</span> 
     </span>
     <span class='ocr_line' id='line_1_38' title="bbox 317 4336 645 4416; baseline 0.006 -20"><span class='ocrx_word' id='word_1_289' title='bbox 317 4336 419 4396; x_wconf 87' lang='lat' dir='ltr'>media</span> <span class='ocrx_word' id='word_1_290' title='bbox 434 4357 505 4416; x_wconf 86' lang='lat' dir='ltr'>pars</span> <span class='ocrx_word' id='word_1_291' title='bbox 520 4339 645 4398; x_wconf 86' lang='lat' dir='ltr'>excidit.</span> 
     </span>
     <span class='ocr_line' id='line_1_39' title="bbox 395 4417 792 4483; baseline -0.003 -7"><span class='ocrx_word' id='word_1_292' title='bbox 395 4419 424 4476; x_wconf 83' lang='lat'>2·</span> <span class='ocrx_word' id='word_1_293' title='bbox 447 4418 497 4476; x_wconf 91' lang='lat' dir='ltr'>Ad</span> <span class='ocrx_word' id='word_1_294' title='bbox 510 4419 638 4477; x_wconf 86' lang='lat' dir='ltr'>verbum</span> <span class='ocrx_word' id='word_1_295' title='bbox 650 4417 792 4483; x_wconf 60' lang='lat' dir='ltr'>:Facies</span> 
     </span>
    </p>
   </div>
   <div class='ocr_carea' id='block_1_7' title="bbox 0 0 1614 5024">
    <p class='ocr_par' dir='ltr' id='par_1_9' title="bbox 0 0 1614 5024">
     <span class='ocr_line' id='line_1_40' title="bbox 0 0 1614 5024; baseline 0 0"><span class='ocrx_word' id='word_1_296' title='bbox 0 0 1614 5024; x_wconf 95' lang='lat' dir='ltr'> </span> 
     </span>
    </p>
   </div>
  </div>
 </body>
</html>
