3260 5020
1237 287 1306 359 277

218 411 328 500 simus
345 411 370 506 ¹,
388 411 472 509 quia
490 435 594 487 aures
617 429 701 488 suas
729 421 764 489 et
781 417 876 496 dona
902 441 967 491 sua
994 415 1038 488 ad
1057 439 1122 490 nos
1138 415 1312 510 demittit,

215 517 261 588 ed
280 524 438 590 nostram
457 517 653 613 respiciens
672 519 904 596 voluntatem.
934 519 1037 609 Quod
1061 519 1156 591 enirn
1175 542 1246 590 non
1265 522 1310 592 cb

217 618 331 694 multa
347 621 459 694 verba
475 621 577 694 nobis
597 645 640 692 ea
665 645 755 716 quae
774 623 939 720 petimus,
968 623 1225 716 concedantur,
1247 621 1311 696 sed

216 722 312 818 quod
330 723 481 796 amando
500 721 662 798 omnibus
680 725 858 798 thesauris
880 727 1070 823 potiamur,
1088 725 1190 798 nobis
1216 726 1312 798 clare

215 825 396 921 indicavit,
423 827 564 922 quando
600 849 665 900 nos
692 851 731 900 a·
746 828 879 902 Scribis
900 836 937 903 et
956 828 1167 902 Pharisaeis
1202 827 1313 924 jussit

216 949 354 1023 cavere,
384 929 447 1025 q'ui
474 929 717 1047 producebant
744 933 967 1106 precationes
998 942 1034 1006 et
1069 931 1311 1004 extendebant

214 1033 330 1105 ararit
331 1033 412 1104 iam
431 1032 479 1104 Et
464 1032 700 1106 tmisericors
727 1041 834 1132 propt
836 1059 874 1108 er
894 1057 931 1108 se
954 1035 1073 1131 ipsum
1095 1057 1160 1106 nos
1179 1034 1310 1126 docuit,

214 1133 283 1207 etsi
300 1159 365 1208 nos
383 1141 574 1230 taceamne,
593 1159 718 1232 preces
740 1145 822 1210 nost
823 1161 882 1212 ras
909 1139 1001 1234 apud
1023 1161 1105 1210 eum
1132 1138 1310 1234 conscrip-

214 1228 269 1310 tas
289 1237 407 1311 esse2.
427 1239 482 1312 Ob
501 1261 615 1334 pauca
632 1241 769 1327 cerba
753 1249 831 1337 Just
817 1241 965 1314 tificavit
991 1241 1167 1314 Dominus
1192 1239 1310 1413 putbli-

213 1360 342 1415 canum
361 1347 397 1414 et
415 1365 495 1414 cum
513 1341 618 1414 laude
637 1341 793 1415 filiorum
820 1343 966 1416 coelest
941 1350 1042 1436 trum,
1061 1343 1105 1415 de
1124 1342 1247 1460 poenit
1249 1366 1311 1414 en-

214 1441 309 1516 tibus
327 1443 494 1561 gaudent
485 1469 570 1536 rum,
589 1468 671 1517 enm
698 1446 914 1522 descendere
941 1446 1036 1518 fecit.
1053 1445 1185 1518 Voxe
1156 1469 1231 1541 eJus
1249 1445 1311 1518 ad-

213 1547 353 1620 vocavit
338 1545 632 1620 tZachaeumet
617 1554 769 1622 tsonus
796 1549 902 1646 hujus
929 1549 1025 1624 vocis
1053 1548 1091 1640 in
1117 1548 1222 1622 corde
1246 1547 1311 1620 Za-

213 1634 314 1722 chaei
331 1649 435 1746 quasi
463 1649 650 1747 coagulum
670 1650 740 1723 fact
727 1659 802 1726 tum
822 1659 877 1724 est
878 1675 1068 1748 ,eumque
1087 1634 1131 1723 de
1158 1649 1312 1724 ficulnea

175 1825 176 1828 ,
214 1757 397 1826 etarcene
417 1760 452 1824 et
453 1753 524 1826 iam
544 1754 587 1825 de
607 1754 824 1848 operibus
793 1778 871 1852 eJus
890 1755 1051 1828 deduxit.
1064 1755 1148 1826 Vox
1167 1752 1313 1826 Domini

214 1855 404 1933 terminum
420 1855 539 1952 posuit
559 1857 715 1953 peccatis
735 1857 845 1950 illius,
860 1859 958 1956 cujus
974 1857 1150 1954 injustitia
1166 1855 1312 1927 modum

214 1978 286 2028 non
303 1966 461 2032 noverat.
480 1957 657 2032 Dominus
685 1960 938 2034 miserationes.
960 1983 1044 2033 suas
1071 1983 1179 2056 super
1197 1957 1312 2031 filium

215 2058 353 2134 Timaei
369 2062 521 2155 vocavit,
540 2085 649 2158 quum
667 2062 744 2158 ejus
773 2063 1009 2158 indigentiam
1026 2062 1188 2155 vidisset,
1205 2067 1241 2132 et
1258 2061 1314 2134 ιιι-

215 2167 270 2234 ter
299 2165 504 2260 frequentes
535 2164 633 2236 illius
678 2186 783 2239 voces
818 2167 941 2261 angeli
981 2187 1175 2263 praecones
1210 2169 1316 2235 erant

215 2266 343 2339 auxilii
359 2269 447 2364 ejus.
465 2269 524 2342 Ita
541 2273 577 2340 et
595 2267 725 2340 mulier
742 2269 939 2364 peccatrix,
956 2293 1046 2366 quae
1069 2267 1148 2364 ipsa
1172 2289 1237 2364 per
1256 2288 1312 2338 re-

215 2369 344 2464 media,
363 2394 455 2466 quae
481 2370 644 2468 sumpsit,
663 2370 737 2444 suis
756 2371 965 2446 vulneribus
991 2369 1127 2446 mederi
1152 2375 1315 2442 tentave-

153 2511 156 2516 ·
212 2477 285 2565 -rat,
316 2473 362 2547 ad
392 2497 486 2564 eum,
519 2475 577 2548 cui
607 2473 727 2546 omnia
758 2481 841 2547 sunt
871 2474 999 2568 facilia,
1026 2473 1137 2566 venit,
1169 2479 1220 2566 ut,
1252 2469 1314 2567 qui

213 2573 335 2647 omnia
366 2574 517 2650 vulnera
546 2585 660 2671 sanat,
688 2577 851 2652 omnibus
884 2578 998 2651 modis
1029 2576 1171 2651 veniam
1211 2597 1313 2647 suam

185 2675 443 2758 immisceret.

319 2779 390 2854 Hic
406 2785 473 2874 est,
486 2779 548 2875 qui
562 2788 656 2853 amat
667 2782 796 2878 justos,
811 2789 847 2854 et
860 2783 1050 2856 miseretur
1064 2785 1312 2877 peccatorum,

216 2881 275 2954 hic
291 2889 357 2977 est,
375 2884 437 2979 qui
457 2883 631 2978 justificat
657 2886 768 2957 bonos
795 2891 831 2956 et
849 2892 973 2956 cantra
999 2883 1112 2956 malos
1141 2877 1309 2954 defendit.

217 2984 371 3081 Propter
395 2987 513 3082 justos
547 2984 613 3058 et5
642 3010 707 3082 pro
739 2985 1004 3082 poenitentibus
1033 2983 1240 3076 contendit,
1275 2987 1312 3052 et

217 3111 326 3184 quum
355 3089 433 3184 illi,
459 3088 521 3189 qui
550 3089 714 3184 inopere
746 3094 1075 3186 perseveraverant,
1099 3087 1143 3159 de
1175 3083 1310 3176 otiosis,

217 3191 279 3286 qui
297 3193 460 3266 mercede
479 3199 515 3264 et
532 3215 603 3266 non
622 3193 789 3288 operibus
813 3191 869 3264 eis
892 3190 1059 3287 aequales
1077 3189 1190 3263 habiti
1218 3192 1312 3281 sunt,

216 3302 491 3412 murmurarent,
519 3297 639 3388 verba,
667 3318 757 3390 quae
785 3300 996 3367 contraeas
1023 3291 1312 3388 quimisericor-

216 3393 311 3468 diam
338 3397 492 3473 assecuti
519 3403 622 3492 sunt,
587 3397 745 3484 tdicta
772 3405 894 3491 erant,
921 3396 1066 3470 retorsit
1092 3395 1128 3468 in
1162 3419 1221 3468 eos
1249 3391 1311 3508 qui
1372 3487 1378 3500 Ι

215 3498 435 3574 mercedem
442 3453 666 3677 acceperupt,
693 3501 744 3572 eis
772 3524 811 3572 os
814 3453 1021 3594 tendens,e
1024 3499 1143 3572 tiamsi
1171 3495 1310 3570 miseri·

215 3597 372 3677 cordiam
399 3627 471 3678 non
503 3603 644 3700 experti
671 3610 804 3698 essent,
831 3627 896 3676 neo
923 3603 1077 3678 debitam
1109 3599 1309 3676 mercedem

297 3810 325 3866 1
344 3809 395 3866 Ad
410 3807 553 3865 verbum
571 3807 750 3884 aMajorem
776 3823 844 3864 esse
869 3814 1027 3892 nnmerum
1051 3806 1232 3908 petitionum
1256 3820 1309 3859 no

215 3891 358 3956 stratum,
374 3905 462 3962 quarn
477 3903 573 3946 ιιοοι.
1144 3915 1146 3918 -

296 3967 325 4022 2.
344 3963 947 4022 Verbacod1crsAAuchersrcreddr
966 3961 1237 4022 “Scddocurnos
1253 3975 1306 4014 mr

217 4041 363 4113 sericors,
377 4058 433 4119 per
447 4041 601 4099 silentium
615 4041 652 4098 de
669 4059 702 4100 se
716 4041 792 4118 ipso,
808 4043 879 4117 quia
892 4043 968 4100 baec
991 4041 1085 4117 script
1087 4059 1105 4097 a
1130 4040 1201 4097 sunt
1226 4033 1307 4110 apud

216 4137 325 4212 eume.
340 4121 460 4178 Taxes
484 4119 691 4178 codicisBed
705 4121 833 4180 verbum
848 4120 892 4177 ita
905 4121 1018 4179 babet
1045 4116 1236 4176 unctuosum
1250 4131 1307 4170 nos

217 4179 392 4256 misericors
407 4200 497 4332 propt
499 4215 533 4256 er
547 4215 580 4255 se
593 4197 692 4272 ipsum
706 4197 768 4274 (vel
781 4198 818 4257 de
829 4216 862 4256 se
884 4197 975 4276 ipso),
990 4217 1044 4275 per
1059 4197 1212 4256 silentium
1230 4194 1311 4252 haec

148 4280 151 4296 ¹
217 4275 297 4352 apud
312 4295 380 4334 enm
396 4279 630 4351 scrrpaessen

297 4355 435 4417 aunt„
453 4353 665 4432 explicationis
682 4373 773 4415 causa
786 4355 912 4414 inserui.
