3252 5018
333 460 536 534 immolatus
568 471 627 536 est·
651 461 819 536 Christus
834 462 845 508 ⁴
866 501 895 554 a,
914 469 954 534 ut
971 464 1126 555 deseret,
1144 469 1268 563 typum
1286 469 1366 532 esse
1384 459 1423 530 in

330 564 445 637 Israel
464 575 503 638 et
517 567 704 639 veritatem
721 566 934 662 perlesum.
1020 612 1023 617 -
1284 589 1287 597 ’
1330 575 1333 582 “
1397 597 1405 605 ·

320 699 323 703 ·
366 685 370 694 ’
438 668 749 763 Ogeneretio
788 665 1423 765 mala,perver-saetinore-

262 848 266 858 f
330 769 438 842 dula
455 772 590 867 (Maru.
607 775 662 866 17,
678 775 751 865 16).
766 773 869 860 Quod
887 772 967 844 ideo
986 771 1082 864 dieit,
1101 771 1186 866 quie
1203 775 1306 867 pater
1320 769 1422 865 pueri

331 871 445 968 ipsius
464 875 658 971 discipulos
675 876 954 974 reprehenderat
972 875 1116 948 disens:
1136 875 1237 947 Non
1254 878 1423 967 potue·

331 985 442 1048 runt
469 1001 637 1052 sanare
666 1003 786 1072 eum,
815 979 985 1052 credebat
1012 977 1118 1072 enim,
1137 975 1318 1060 e‘osartis
1343 997 1422 1048 ma·

324 1079 438 1172 *gistri
456 1077 511 1154 sui
538 1077 696 1157 nondum
726 1083 832 1179 plene
851 1082 985 1178 peritos
1005 1105 1094 1158 esse.
1113 1080 1231 1154 Venit
1241 1098 1327 1173 ergo
1344 1099 1423 1149 me-

322 1183 446 1276 vgister
465 1193 501 1257 et
532 1187 685 1282 sumpsit
714 1185 907 1282 discipulos
939 1191 1070 1282 eosque
1096 1185 1200 1281 quasi
1227 1183 1267 1254 ih
1296 1179 1422 1252 mediis

323 1285 501 1361 vfluetibus
520 1290 713 1362 constituit.
733 1291 975 1363 Aeeesserunt
991 1289 1115 1384 igitur,
1128 1294 1169 1359 ut
1187 1288 1231 1360 eb
1251 1307 1292 1356 eo
1305 1283 1423 1356 disee-

337 1398 441 1462 rent:
462 1391 663 1465 Ournen
688 1393 927 1489 potuimus
947 1387 1425 1493 sanare?1mpediebatur

334 1501 454 1564 eutem
473 1496 616 1567 sanatio·
629 1495 884 1592 disoipulorum
902 1502 1049 1591 propter
1067 1493 1373 1590 blasphematores
1391 1496 1426 1561 et

326 1593 509 1670 infideles.
532 1621 547 1656 u
564 1599 645 1694 Hie,
659 1599 770 1694 ajunt,
784 1622 848 1695 per
861 1599 1051 1673 ¹Belzebub
1066 1596 1268 1694 prinoipem
1286 1593 1426 1665 doemo-

334 1719 421 1770 num
445 1699 548 1796 ejicit
565 1701 756 1775 daemones
771 1702 787 1748 ⁹
804 1701 1032 1775 esDixerunt
1045 1703 1100 1773 ¹ed
1129 1702 1225 1773 hune
1238 1723 1241 1730 ·
1255 1697 1371 1770 virum
1386 1693 1425 1768 3':

324 1800 386 1872 vHi
404 1801 570 1901 ‹liseipuli
589 1805 664 1902 ejus
682 1806 810 1878 inerte
829 1807 905 1902 ejus
923 1825 995 1876 non
1006 1812 1093 1877 *sunt
1107 1803 1262 1899 perfecte
1277 1801 1428 1894 instruo-

326 1903 377 1996 ui,
396 1907 579 2000 quaenim
604 1906 680 1981 alia
707 1932 879 1980 excausa
908 1927 979 1980 non
996 1913 1186 2002 sanarunt
1210 1901 1322 1976 euin?
1340 1901 1428 1974 Pro·

337 2015 462 2102 pterea
493 2013 699 2108 respondit:
721 2033 736 2068 e
755 2013 785 2086 Ο
805 2013 988 2105 generatio
1020 2010 1246 2107 pervemat„
1267 2007 1317 2079 Et
1347 2005 1426 2078 ideo

336 2111 456 2184 statim
476 2115 703 2210 septuaginta
721 2114 809 2187 duos
829 2115 939 2208 elegit
952 2117 988 2186 et
1000 2113 1123 2210 procul
1143 2113 1165 2184 a
1183 2135 1220 2183 se
1243 2110 1350 2201 misit,
1364 2107 1425 2206 qui

337 2235 398 2285 eos
416 2217 628 2290 mirabiliter
647 2224 831 2310 sanarunt,
849 2225 889 2289 ut
907 2218 950 2289 de
969 2217 1060 2290 false
1078 2239 1143 2289 sua
1159 2215 1324 2310 opinione
1344 2219 1426 2284 oon-

334 2317 576 2395 vincerentur.

326 2465 330 2473 r
443 2419 1425 2519 QuamdiuapudvoserolQuendoe‘nimeom

335 2523 508 2618 ooeident,
525 2526 699 2599 ridebunt
728 2549 857 2597 nomen
876 2526 953 2621 ejus
971 2527 1105 2598 feeiens
1131 2523 1303 2598 miracula
1326 2529 1362 2618 et
1379 2521 1425 2596 si·

337 2648 418 2720 gne.
452 2627 627 2714 Quoniam
644 2635 763 2700 autern
780 2651 852 2700 non
871 2652 917 2699 ex
947 2629 1079 2724 peritia
1096 2629 1184 2702 artis
1202 2629 1425 2724 operabatur,

332 2727 431 2828 dixit
461 2730 516 2802 illi
534 2730 665 2805 virol:
700 2731 933 2804 Credenti
961 2739 1070 2805 sunt
1096 2731 1250 2804 omnia
1278 2729 1424 2826 possi-

324 2831 481 2926 ·bilirt'5
501 2842 538 2906 et
567 2833 665 2906 illis:
692 2835 897 2930 Propter
924 2834 1322 2909 incredulitatem
1355 2855 1423 2907 re·

338 2939 491 3009 stram.
519 2938 566 3009 Et
584 2943 625 3008 ut
654 2937 811 3010 animum
830 2938 1041 3036 depressum
1072 2937 1328 3034 discipulorum
1347 2959 1424 3012 suo·

337 3061 417 3110 rum
449 3038 618 3130 elevaret,
638 3041 709 3112 ait:
742 3041 849 3115 Tibi
875 3042 989 3136 dieo,
1016 3041 1259 3134 immunde,
1286 3039 1424 3113 surde

338 3147 384 3211 et
410 3151 547 3236 mute,
573 3151 615 3215 ut
645 3145 799 3238 doceret,
818 3144 886 3218 eibi
904 3152 1073 3241 tanquam
1104 3145 1181 3216 Deo
1212 3143 1332 3215 omnia
1348 3163 1425 3216 esse

335 3241 464 3317 facilia.
484 3247 554 3319 Sed
572 3267 681 3342 quare
700 3248 758 3320 hie
776 3248 980 3320 immundus
1000 3255 1036 3321 et
1055 3255 1173 3320 mutus
1192 3253 1228 3318 et
1246 3245 1375 3320 surdus
1394 3246 1426 3318 ei

336 3347 524 3420 obedivit?
557 3349 660 3437 Quod
676 3351 807 3422 laetum
827 3358 892 3442 est,
920 3375 992 3423 non
1019 3351 1121 3447 quasi
1150 3352 1217 3423 hoe
1248 3349 1427 3422 difficilius

338 3457 445 3542 esset,
464 3476 570 3547 quem
588 3453 750 3526 homines
767 3455 814 3526 ed
835 3454 943 3526 fidem
973 3455 1180 3551 perducere,
1199 3451 1263 3524 sed
1281 3461 1321 3524 ut
1342 3477 1426 3550 pau·

336 3551 412 3624 lum
430 3554 736 3651 blasphematores
755 3563 905 3652 emeret,
927 3581 972 3629 ne
990 3557 1176 3652 discipulis
1197 3554 1272 3627 suis
1302 3555 1427 3629 illude·

338 3657 454 3730 rente
473 3659 597 3754 Usque
616 3659 661 3732 ed
674 3659 765 3732 illud
782 3667 924 3758 tempus
939 3659 1045 3734 etiam
1065 3658 1230 3756 diseipuli
1248 3659 1324 3754 ejus
1342 3682 1427 3732 non-

252 3945 256 3953 '
420 3938 446 3992 1.
468 3935 484 3991 Ι
500 3935 573 3993 Coe.
589 3940 617 4012 5,
633 3943 659 3997 7.

416 4014 445 4068 2.
466 4014 540 4070 Luc.
564 4019 672 4089 11,15.

419 4093 447 4146 3.
469 4091 506 4147 In
521 4093 587 4152 cod.
603 4095 643 4153 B:
657 4097 744 4155 Dixit
757 4097 806 4156 hic
820 4095 877 4155 vir.

417 4169 445 4224 4.
467 4168 563 4230 Itain
578 4173 645 4231 eod.
661 4175 696 4233 B.
711 4176 829 4233 Textus
854 4176 1026 4250 impressus
1049 4176 1080 4232 et
1102 4172 1259 4234 rodinisA
1282 4171 1326 4234 sie
1351 4173 1431 4233 verti

336 4245 462 4322 potest:
478 4247 564 4314 Quae
576 4251 616 4308 sit
630 4270 680 4310 ers
696 4273 761 4327 sua,
778 4253 851 4311 dicit
864 4253 908 4311 illi
925 4253 1000 4328 viro,
1014 4256 1074 4312 ete.

418 4325 448 4381 5.
470 4326 555 4385 Haeo
580 4333 736 4393 sententia
749 4351 789 4392 ex
803 4330 870 4391 eod.
884 4331 910 4390 B
924 4332 1169 4408 emendeta'est3
1184 4330 1215 4390 in
1229 4330 1296 4394 eod.
1318 4331 1347 4394 A
1370 4350 1432 4394 nou
1465 4365 1471 4373 ,

339 4405 388 4464 est
403 4419 513 4466 seusus
528 4422 630 4469 senus.
