3280 5028
325 327 420 404 176Ι
492 329 550 374 ’·

324 460 409 526 vero
428 479 487 529 eos
506 457 632 530 ceteris
660 457 826 553 aequales
843 459 934 530 fecit.
951 457 1086 546 Quibus
1105 452 1406 527 murmurantibus

255 649 258 656 1
327 557 440 630 dixit:
469 561 515 636 Si
542 583 626 657 ego
654 561 880 636 liberalis
909 587 1015 655 sum,
1043 557 1222 646 oculus⁸
1243 563 1405 659 uester

325 683 405 736 cnr
427 665 577 738 malus
605 665 706 738 est?
725 665 866 760 Etillis,
877 667 936 760 ait,
947 665 1062 762 gratia
1074 663 1204 736 collata
1219 667 1285 752 est,
1296 667 1332 732 et
1342 661 1403 734 hi⁴

325 765 432 839 hilari
449 765 537 840 facie
553 769 596 840 de
615 795 679 843 sna
696 771 857 844 mercede
876 770 1150 842 conclamarunt.
1166 765 1237 838 Sed
1253 765 1408 860 attende,

326 872 500 962 quomodo
517 873 605 945 haec
619 875 806 947 dictasint.
822 873 938 962 Quum
953 897 1012 946 eos
1030 869 1301 966 interrogasset:
1317 867 1408 943 Gur

261 971 262 976 ’
325 975 518 1048 tota-die
545 978 598 1050 cd
618 1001 1034 1074 vesperamusque
1060 973 1207 1064 otiosi
1234 972 1407 1046 statis?

328 1077 497 1152 dixerunt
515 1081 570 1153 ei:
589 1077 728 1170 Nemo
747 1083 879 1154 venit
905 1090 949 1154 et
974 1105 1055 1154 nos
1081 1077 1319 1152 conduxit.
1345 1075 1408 1150 Illi

328 1205 415 1279 ergo
433 1185 549 1280 parati
575 1192 687 1279 erant,
705 1209 808 1260 nemo
827 1187 918 1258 enim
940 1209 999 1259 eos
1020 1182 1201 1257 conduxit.
1227 1179 1322 1252 Nam
1347 1180 1410 1276 qui

326 1287 407 1358 ideo
426 1289 567 1381 dormit,
578 1289 661 1385 quia
676 1313 779 1362 nemo
801 1314 881 1363 eum
900 1290 1094 1382 suscitavit,
1109 1295 1145 1359 et
1162 1293 1288 1382 postea
1298 1283 1409 1378 radit,

328 1391 536 1466 manifestus
562 1394 613 1487 fit,
640 1394 731 1466 sicut
757 1400 793 1465 et
817 1395 929 1491 isqui
956 1417 1002 1467 ex
1028 1392 1173 1490 pigritia
1199 1387 1350 1482 dormit3
1373 1397 1409 1461 et
1447 1440 1464 1485 ·.

327 1495 517 1569 discrimen
535 1504 599 1591 est,
617 1498 700 1594 qnia
726 1496 817 1570 alter
842 1506 988 1597 propter
1011 1521 1099 1594 opus
1128 1519 1230 1568 suum
1258 1492 1411 1588 gratiam

327 1601 435 1672 habet
462 1602 495 1673 ei
513 1602 573 1698 qui
599 1603 716 1698 ipsum
742 1601 900 1698 suscitat,
918 1601 1009 1676 alter
1026 1624 1111 1675 vero
1137 1603 1284 1697 propter
1310 1619 1412 1669 suam

329 1704 509 1800 pigritiam
529 1705 794 1778 suscitatoribus
813 1707 885 1779 suis
904 1705 1115 1779 offensiones
1133 1701 1260 1776 reddit.
1282 1699 1413 1796 Liquet

330 1832 428 1903 ergo,
446 1810 555 1882 otium
575 1809 669 1906 pigri
687 1810 788 1906 pejus
805 1834 896 1904 esse,
913 1835 1018 1907 quam
1036 1807 1212 1882 industrii.

431 1914 641 2007 Industrios‚
655 1914 727 2009 qui,
741 1915 906 2008 qnoniam
924 1915 1025 1988 labor
1043 1921 1079 1986 et
1094 1911 1228 1986 laboris
1245 1929 1411 2004 procura-

329 2024 386 2088 tor
404 2016 562 2111 deerant,
580 2017 742 2114 impediti
768 2031 871 2090 erant
889 2025 925 2091 et
942 2018 1045 2090 otiosi
1072 2019 1221 2106 stabant,
1238 2033 1311 2085 vox
1332 2033 1414 2083 con-

331 2120 444 2214 duxit,
464 2129 499 2195 et
515 2125 664 2196 verbum
683 2121 877 2195 suscitavit.
903 2123 953 2196 Hi
974 2129 1120 2219 propter
1142 2139 1285 2190 sensum
1312 2139 1415 2189 suum

330 2223 542 2298 industrium
563 2249 627 2298 nec
641 2227 684 2297 de
712 2227 875 2298 mercede
903 2249 982 2298 cum
1009 2249 1049 2298 eo
1075 2223 1415 2316 tractabantquem-

332 2328 520 2402 admodum
546 2330 601 2401 illi
628 2329 734 2426 primi
748 2329 774 2402 ².
802 2328 1020 2402 Ponderavit
1045 2327 1203 2401 laborem
1230 2321 1351 2396 eorum
1376 2322 1415 2394 in

242 2456 243 2459 ¹
332 2432 480 2504 scientia
497 2433 539 2505 et‘
549 2434 587 2504 in
605 2433 766 2506 mercede
788 2457 847 2506 eos
865 2433 947 2505 fecit
964 2431 1140 2529 aequales,
1159 2429 1230 2504 sed
1244 2428 1336 2500 hanc
1353 2449 1416 2525 pa-

334 2536 493 2608 rabolam
518 2535 557 2608 in
582 2536 737 2608 medium
764 2537 923 2635 protulit,
941 2561 986 2609 ne
1013 2539 1092 2633 quis
1119 2535 1270 2607 diceret:
1292 2554 1306 2588 e
1325 2529 1418 2620 Quia

333 2661 404 2710 non
430 2648 574 2713 vocatus
602 2665 680 2713 sum
712 2643 756 2714 ab
783 2641 940 2735 infantia,
968 2641 1074 2712 etiam
1100 2645 1223 2736 postea
1249 2642 1415 2732 aceeptus

333 2766 405 2813 non
423 2767 501 2816 sum
519 2784 546 2818 n.
575 2745 740 2820 Ostendit
767 2769 864 2840 ergo,
882 2745 1070 2837 hominem,
1092 2763 1299 2840 quacunque
1327 2739 1416 2812 hora

334 2869 526 2921 conversus
552 2847 670 2944 fuerit,
691 2873 768 2922 esse
795 2855 989 2945 acceptum.
1020 2847 1145 2921 Noluit
1172 2853 1290 2918 autem
1316 2841 1417 2938 prins

333 2951 458 3046 primis
477 2953 574 3046 dare,
592 2953 675 3049 qnia
693 2953 736 3025 de
756 2979 820 3026 sua
836 2953 998 3025 mercede
1026 2950 1257 3042 confidebant,
1279 2946 1353 3040 sed,
1369 2969 1416 3018 ne

335 3055 518 3128 novissimi
544 3065 721 3153 putarent,
748 3057 841 3154 quod
868 3057 984 3130 minus
1024 3053 1303 3152 acciperent‚.ab
1329 3049 1418 3148 ipsis

336 3160 522 3233 exordium
541 3159 797 3234 distributionis
815 3161 907 3234 fecit.

310 3295 313 3298 ·
439 3263 552 3337 Porro
570 3262 663 3361 quod
682 3263 771 3338 exiit
787 3289 901 3360 mane,
921 3265 1026 3338 tertia
1044 3271 1079 3334 et
1097 3269 1199 3335 sexta
1217 3268 1253 3332 et
1270 3282 1363 3332 nona
1381 3264 1417 3328 et

337 3367 523 3440 undecima
539 3368 628 3442 hora
646 3375 681 3440 et
698 3369 743 3441 ad
761 3369 846 3441 solis
865 3393 1037 3460 occasum,
1051 3365 1274 3460 inteliigatur
1290 3361 1333 3436 de
1351 3361 1418 3434 ini-

335 3469 674 3567 tiopraedicationis
701 3496 797 3565 suae,
816 3497 921 3570 quam
947 3469 1124 3568 usquead
1151 3493 1292 3542 crucem
1319 3489 1418 3540 suam

336 3576 563 3670 continuavit,
577 3577 660 3673 quia
676 3577 862 3649 undecima
878 3579 966 3651 hora
983 3573 1104 3650 latro⁵
1123 3575 1161 3646 in
1177 3573 1329 3664 vineam,
1349 3570 1371 3642 i.
1386 3592 1417 3641 e.

337 3677 374 3752 in
392 3680 597 3777 paradisum
615 3681 784 3754 introivit.
804 3681 884 3775 Qui,
902 3705 947 3753 ne
965 3681 1057 3754 hane
1075 3681 1119 3752 ob
1138 3701 1281 3750 causam
1297 3675 1415 3780 objur-

337 3792 493 3879 geretur,
511 3791 713 3884 promptum
741 3809 843 3858 suum
869 3786 1024 3858 animum
1051 3782 1257 3876 declaravit,
1275 3778 1369 3876 quia,
1388 3776 1420 3849 si

359 4051 360 4054 ¹
420 4035 446 4090 1.
468 4033 592 4092 Scilicet
602 4033 709 4110 primi3
723 4053 793 4093 nam
807 4052 868 4093 non
883 4051 987 4092 omnes
1005 4050 1044 4090 ex
1059 4032 1102 4092 eis
1122 4028 1362 4092 murmurabant.

420 4115 449 4169 2.
468 4112 514 4170 De
528 4113 682 4188 prioribus
699 4117 747 4186 (v.
760 4117 803 4184 2.)
818 4113 1009 4172 dictumest:
1033 4112 1243 4172 conventione
1257 4105 1340 4166 facta
1354 4121 1422 4164 cum

342 4191 490 4265 operariis
505 4208 545 4248 ex
560 4192 685 4250 denario
701 4193 819 4266 diurno,
834 4197 866 4250 et
879 4191 921 4272 (r.
934 4196 994 4266 4.):
1010 4191 1098 4260 Quod
1116 4193 1234 4268 justum
1253 4184 1357 4258 fuerit,
1371 4183 1422 4242 da-

341 4269 381 4326 bo
396 4269 494 4341 vobis,
509 4276 541 4327 et
554 4275 596 4346 (v.
608 4273 665 4344 5.):
679 4273 766 4330 Fecit
779 4271 926 4330 similiter.
940 4272 988 4330 Ad
1005 4270 1187 4328 novissimos
1201 4277 1244 4338 (v.
1256 4269 1299 4336 8.)
1322 4263 1423 4342 puter-

342 4347 471 4408 familias
484 4350 557 4407 nihil
573 4350 654 4408 aliud
669 4352 745 4409 dixit
759 4351 816 4410 nisi
829 4373 836 4409 :
851 4351 898 4410 Ite
911 4355 942 4410 et
956 4369 1010 4409 vos
1024 4351 1055 4407 in
1069 4350 1189 4409 vineam
1203 4364 1312 4407 meam.

422 4432 449 4487 3.
470 4428 545 4487 Luc.
556 4431 605 4507 23,
619 4434 666 4489 43.
