3280 5028
1227 321 1297 401 135

215 472 306 545 sum,
325 450 386 548 ait,
402 475 526 552 pacem
540 454 704 551 gentibus
721 495 736 530 a
755 455 779 529 ¹.
801 478 816 514 e
833 457 983 556 Perage,
996 455 1111 534 tribus
1124 453 1227 550 Iuda,
1243 456 1295 530 te·

218 562 311 628 stum
337 559 571 632 anniversarii
596 560 678 634 tui²
695 599 724 654 e,
751 561 963 662 intempore
986 563 1080 636 enim
1104 561 1188 636 festi
1213 583 1296 658 azy-

216 681 352 732 morum
362 661 624 736 fecitDominus
635 665 777 760 signum
790 665 996 764 inparibus.
1006 664 1294 764 Prophetadicit:

219 765 599 859 «Festinandum
617 769 850 842 anniversarii
868 771 959 864 tui,„
979 770 1063 866 quia
1083 768 1227 844 advenit
1244 767 1262 840 f
1278 805 1295 824 -

216 873 310 938 stum
321 869 553 943 anniversarii
565 874 687 946 nostri.
699 895 715 930 e
728 873 913 970 Etperl'ice
923 875 1047 947 foedus
1057 881 1196 967 tuum,„
1213 870 1296 968 quia

216 970 361 1044 advenit
375 996 487 1068 agnus
500 996 606 1048 verus
621 983 656 1048 et
669 983 771 1073 pacta
783 978 929 1073 antiqua
941 975 1112 1074 abrogata
1120 984 1156 1048 et
1165 997 1296 1070 memo-

217 1074 787 1154 raliaeorumconsummatasunt.
805 1080 926 1168 “Quia
939 1103 1010 1154 non
1023 1081 1174 1178 amplius
1188 1078 1294 1154 addet

215 1175 332 1252 facere
358 1179 581 1276 iniquitatem
599 1183 687 1255 inte
706 1223 734 1258 a.
762 1183 878 1272 Quis?
900 1185 1063 1259 Potestas
1083 1207 1208 1280 regum
1233 1186 1295 1255 aut

218 1283 449 1356 sacerdotum.
466 1283 540 1357 Cur
552 1308 623 1358 non
636 1287 870 1376 addettQuia
882 1287 1055 1361 Dominus
1067 1287 1193 1384 perdet
1205 1307 1294 1358 eam.

219 1405 237 1441 ‘⁴
254 1386 402 1461 Omnem
420 1395 632 1484 potestatem
648 1392 751 1486 regni
769 1401 805 1463 et
822 1392 1009 1466 sacerdotii
1030 1391 1147 1488 perdit
1163 1429 1192 1464 a.

322 1490 439 1579 Quum
457 1492 567 1587 igitur
584 1494 621 1565 in
639 1495 721 1568 navi
739 1496 903 1569 sederent
920 1503 956 1568 et
973 1502 1079 1570 vento
1105 1494 1143 1566 in
1163 1515 1207 1566 ea
1223 1492 1298 1588 ogi-

219 1596 380 1666 tarentur
398 1602 434 1666 et
452 1619 548 1670 more
565 1603 689 1671 contra
706 1623 766 1672 eos
784 1592 958 1672 commota
974 1599 1187 1694 insurgeret,
1201 1597 1301 1670 venit

222 1695 395 1772 Dominus
434 1700 556 1796 eisque
583 1703 766 1798 apparuit,
797 1703 867 1800 ipsi
897 1711 1015 1776 autem
1053 1702 1300 1800 opinabantur,

219 1809 400 1896 spectrum
417 1825 507 1897 esse,
521 1805 615 1900 quod
634 1805 685 1880 eis
704 1807 880 1904 apparuit.
894 1806 1002 1884 Certe
1017 1806 1111 1879 enim
1129 1805 1299 1892 sciebant,

219 1901 403 1978 Christum
423 1929 580 2005 corpore,
594 1909 688 2006 quod
707 1911 881 2006 gravitate
900 1910 1122 2009 deprimitur,
1136 1909 1301 1981 indutum

218 2029 298 2081 esse
325 2010 472 2107 ideoque
499 2011 665 2107 cogitatio
685 2037 744 2087 eos
763 2014 882 2106 subiit,
905 2039 1013 2111 grave
1041 2036 1167 2110 corpus
1194 2017 1301 2109 super

219 2133 330 2209 aquas
356 2115 536 2188 ambulare
555 2139 627 2190 non
652 2141 766 2215 posse.
785 2118 903 2206 Quum
919 2119 986 2192 hoc
1010 2119 1062 2190 ita
1079 2140 1116 2190 se
1143 2116 1302 2210 baberet,

218 2237 292 2288 non
308 2218 551 2314 imprudenter
567 2223 835 2320 obstupuerunt.
849 2223 901 2296 At
918 2224 949 2296 ei
965 2225 989 2297 J
991 2244 1084 2314 esus,
1098 2227 1138 2294 ut
1151 2227 1197 2292 tu.
1204 2216 1302 2290 Mar-

219 2319 300 2393 cion
317 2322 415 2414 diois,
433 2346 580 2421 corpore
597 2348 668 2398 non
687 2332 762 2399 erat
780 2325 936 2420 indutus,
955 2329 1125 2401 absonum
1142 2329 1220 2396 erat
1236 2322 1302 2396 mi·

220 2425 305 2520 rari,
324 2427 418 2521 quod
445 2451 551 2525 super
569 2453 678 2525 aquas
695 2428 907 2525 ambulavit3
928 2429 1068 2527 spiritui
1090 2427 1186 2500 enim
1212 2425 1304 2498 diffi-

220 2527 289 2600 cile
315 2553 386 2602 non
413 2537 476 2626 est,
496 2555 603 2630 super
628 2557 725 2606 mare
752 2533 944 2608 ambulare.
972 2533 1046 2607 Cur
1072 2555 1158 2628 ergo
1184 2527 1304 2605 mirati

223 2634 336 2706 sunt?
356 2635 394 2708 Si
412 2658 490 2707 eum
511 2637 757 2733 incorporeum
774 2645 961 2732 noverunt,
979 2635 1224 2734 imprudenter
1243 2633 1304 2705 ad-

221 2737 341 2810 mirati
365 2745 503 2812 suntet
529 2740 636 2813 stulte
664 2740 926 2836 exclamarunt;
945 2741 976 2816 si
998 2765 1083 2816 vero
1110 2737 1304 2834 corporalis

220 2848 310 2936 erat,
337 2848 432 2916 recte
459 2845 726 2942 obstupuerunt,
753 2844 937 2940 quierem
972 2867 1099 2918 novam
1124 2843 1304 2934 viderunt,

221 2944 399 3040 videlicet,
416 2969 623 3043 corporeum
651 2971 756 3044 super
782 2945 895 3021 undas
922 2948 1029 3022 maris
1052 2945 1304 3039 ambulantem,

219 3048 308 3144 quin
332 3049 631 3145 submergeretur.
659 3050 698 3124 Si
715 3051 894 3146 objiciunt,
912 3051 996 3147 quia
1020 3075 1092 3123 nox
1114 3055 1302 3142 arctoum

220 3174 394 3250 apparere
411 3176 482 3225 non
508 3155 677 3251 potuisse,
695 3155 961 3250 respondemus,
978 3155 1044 3228 hoo
1062 3152 1206 3226 Christo
1233 3151 1304 3249 spi·

222 3255 345 3328 rituali
361 3256 504 3330 difficile
523 3281 594 3331 non
609 3257 729 3352 fuisse,
747 3257 820 3354 qui,
837 3259 976 3355 quando
988 3258 1112 3351 voluit,
1130 3255 1168 3328 in
1184 3261 1304 3331 monte

221 3365 263 3430 ut
291 3360 343 3434 sol
370 3361 544 3458 apparuit.
580 3363 627 3436 Et
652 3362 736 3457 quia
760 3362 837 3458 ipse
863 3361 1036 3435 Dominus
1064 3360 1183 3454 scivit,
1209 3357 1303 3455 quod

221 3469 318 3536 recte
336 3466 606 3561 obstupuerunt,
623 3466 779 3538 animum
797 3489 918 3539 eorum
936 3465 1146 3540 confortavit
1163 3463 1305 3536 dicens:

222 3567 320 3662 Ego
347 3591 453 3662 sum,
480 3569 633 3642 nolite
659 3569 840 3664 timere,
866 3569 888 3642 i.
909 3594 938 3643 e.
957 3593 1024 3666 ego
1043 3567 1200 3643 sumille
1227 3590 1303 3640 cor·

222 3670 369 3768 poralis,
387 3696 492 3768 quem
511 3697 575 3745 vos
593 3673 813 3769 cognoscitis.

328 3774 449 3848 Simon
482 3784 601 3850 autem
635 3775 861 3872 intelligens,
888 3801 968 3850 eum
996 3778 1040 3850 de
1067 3798 1212 3873 corpore
1239 3797 1305 3846 suo

221 3876 382 3951 dixisse:
403 3901 419 3936 e
436 3879 515 3978 Ego
534 3903 612 3952 sum
630 3920 658 3976 a,
677 3880 859 3978 respondit
876 3888 912 3954 et
928 3881 1041 3954 dixit:
1071 3880 1139 3954 «si
1155 3879 1222 3952 hoc
1247 3901 1304 3952 re-

219 3985 309 4054 vera
330 3981 381 4054 ita
407 3990 473 4077 est,
493 3984 598 4056 etiam
627 4007 692 4081 ego
719 4007 824 4060 carne
850 3983 1002 4059 vestitus
1029 4009 1107 4059 sum
1118 3983 1145 4056 ⁵.
1173 3983 1212 4057 Si
1238 4005 1305 4080 ego

304 4204 331 4261 1.
352 4204 444 4263 urea.
459 4207 487 4279 9,
504 4207 550 4264 10.

304 4285 332 4340 2.
353 4284 458 4360 Pergit
472 4285 635 4362 explicare.
650 4283 728 4343 Nun.
745 4285 830 4358 1,15.

301 4364 328 4420 3.
349 4361 616 4423 constructionem
639 4364 730 4442 hujus
754 4367 786 4423 et
806 4362 960 4440 sequentis
992 4361 1161 4424 sententiae
1185 4363 1304 4422 mutare

223 4439 320 4518 nolui,
334 4443 405 4520 quia
418 4443 485 4503 loco
499 4443 598 4502 Moru.
613 4446 641 4520 8,
655 4445 673 4502 9
687 4443 795 4504 similis
810 4449 868 4503 est.
