3218 5024
321 458 411 533 etin
428 461 604 554 abyssum,
623 457 751 633 reftugfi
769 481 824 529 sur
815 457 989 552 domum,
1004 483 1041 532 se
1059 457 1243 559 reciperet,
1258 481 1299 530 eo
1311 466 1398 554 quo·

277 587 388 672 que
414 585 493 634 eum
519 569 683 658 persecut
684 587 726 634 ns
753 568 817 656 est,
843 563 981 658 quando
1008 564 1057 636 ibi
1082 563 1178 636 vinct
1179 586 1218 635 os
1165 561 1342 636 tsolvit
1360 569 1398 633 et

277 657 470 739 inclusos
490 666 624 740 eduxi.
600 665 746 754 tQuod
763 665 804 737 ill
806 690 838 736 e
836 667 999 762 suspicet
999 691 1041 739 us
1058 667 1235 763 persuasit
1220 664 1397 739 tcrucifi-
1413 728 1417 736 ,

319 793 389 866 gen
389 769 553 862 tibus,ut
539 769 749 842 tdicerent:
780 769 1002 864 “Descende
1019 771 1203 864 descende,
1220 777 1260 842 ut
1245 769 1397 842 vtidea-

316 896 395 944 mus
414 880 450 944 et
467 872 650 946 credamus
669 873 786 945 ιιι-ιιΙ
795 912 824 966 a,
851 881 892 946 ut
915 826 1064 946 forsitan
1089 874 1156 946 hoc
1172 826 1275 946 niodo
1293 871 1396 968 quasi

310 983 445 1050 ¹ventus
464 977 592 1049 ardens
607 985 642 1048 et
655 977 828 1074 pestilens
841 975 879 1047 in
897 1000 960 1049 sua
978 1001 1058 1050 arce
1076 984 1202 1074 posset
1215 977 1399 1074 quiescere

309 1123 311 1126 ·
420 1079 649 1154 Videbam
685 1105 822 1176 ego
803 1080 881 1153 Sat
866 1087 1030 1178 tanam,
1065 1081 1185 1175 quod
1220 1077 1396 1152 decidi

318 1183 496 1286 quasis
479 1183 655 1256 fulmen
691 1184 742 1256 de
770 1183 913 1277 coelo,
940 1183 1286 1257 nonacsiincoelo
1311 1181 1398 1254 fuist

309 1291 395 1358 set·
388 1287 480 1380 ,hoc
498 1310 719 1384 nequaquam
738 1288 922 1383 significat,
941 1289 1033 1385 quod
1051 1287 1157 1360 dicit:
1121 1288 1345 1384 ttSupra
1312 1311 1328 1358 s
1330 1285 1397 1358 t·el

316 1389 370 1463 las
389 1391 566 1464 coelorum
584 1399 753 1488 ponamt
738 1391 903 1462 thronum
933 1391 1091 1484 meum2,
1118 1391 1180 1464 sed
1199 1415 1220 1463 a
1238 1415 1303 1463 sua
1322 1413 1396 1460 ma-

317 1501 395 1590 gnrt
370 1493 555 1566 tudinet
521 1501 555 1566 et
574 1519 595 1566 a
614 1517 676 1566 suo
693 1495 947 1591 principatuet
932 1447 1116 1567 ιιιοιιιίιι1ο
1130 1495 1305 1587 videbam,
1331 1494 1396 1565 ait·

309 1599 379 1672 sar
366 1605 482 1670 tanam
500 1598 543 1670 de
562 1598 669 1670 coelis
687 1599 812 1670 cadent
797 1606 868 1670 tem
887 1623 987 1694 quasr
977 1599 1148 1671 qulmen
1165 1600 1255 1678 Non
1266 1596 1404 1690 cecidit,

269 1751 272 1758 ,
317 1701 361 1774 de
376 1686 484 1774 coelis
499 1701 614 1797 quiae
618 1701 789 1795 tfulmen,
803 1702 896 1797 quod
910 1726 931 1773 a
943 1703 1084 1776 nube
1051 1702 1220 1798 gignitur,
1238 1702 1281 1774 de
1300 1700 1397 1772 caelo

309 1806 444 1878 ¹cadere
462 1812 610 1902 nonpot
612 1811 675 1877 est
651 1804 770 1876 tCur
788 1828 873 1899 ergo
885 1805 1000 1879 dixit:
1032 1807 1087 1878 De
1126 1806 1233 1878 coelis
1268 1804 1396 1876 cecidit

0 1953 48 1970 ·
115 1885 118 1902 Ι
204 1921 211 1937 ‘
315 1909 428 1982 veluti
444 1908 600 1982 fulmen?
619 1909 709 1998 Quia
727 1909 841 1982 subito
858 1909 931 1980 ictu
948 1909 1040 1982 oculi
1066 1911 1215 1984 Satanas
1233 1908 1397 1982 victorio·

21 2001 33 2028 ⁸
153 2015 154 2022 ’
320 2037 380 2086 ιιι
400 2013 497 2086 cruci
515 2013 694 2108 subjectus
713 2018 776 2085 est.
803 2012 996 2107 Postquam
1012 2003 1173 2086 homines
1193 2013 1283 2086 viles
1300 2011 1397 2084 uncti
1443 2039 1448 2048 ’

318 2123 401 2189 sunt
430 2125 464 2188 et
480 2117 693 2211 legationem
712 2139 750 2188 se
767 2116 938 2188 mittentis
955 2125 1177 2212 acceperunt,
1200 2124 1332 2189 etcum
1351 2115 1398 2188 si·

310 2221 398 2314 ‘gnis
423 2221 585 2293 insolitis
601 2221 646 2292 ad
671 2219 845 2292 tollendos
871 2222 1010 2292 morbos
1037 2228 1073 2292 et
1098 2221 1237 2293 dolores
1264 2228 1301 2292 ιι
1324 2219 1397 2292 elia

310 2324 434 2396 'tristia
450 2325 544 2396 mala
563 2323 683 2395 emissi
701 2331 794 2416 sunt,
813 2323 1048 2420 subjungitur,
1075 2323 1240 2397 Satanam
1261 2325 1396 2419 aprin-

318 2428 436 2523 cipatu
463 2452 526 2500 suo
552 2425 668 2500 subito
694 2427 875 2520 cecidisse,
899 2433 939 2498 dt
955 2427 1088 2499 fulmen
1106 2428 1149 2499 de
1167 2431 1270 2502 nube.
1292 2427 1397 2501 Sicut

317 2531 452 2602 fulmen
469 2555 488 2602 e
505 2531 582 2602 loco
609 2553 673 2601 suo
699 2553 882 2622 egressum
908 2553 1099 2626 numquam
1117 2532 1318 2625 revertitur,
1344 2531 1396 2603 ita

318 2640 354 2705 et
372 2635 521 2708 Satanas
539 2632 665 2705 cecidit
678 2640 714 2704 et
727 2633 764 2705 in
777 2657 880 2708 suum
893 2633 1129 2731 principatum
1142 2659 1321 2731 nunquam
1338 2659 1394 2708 re-

219 2745 220 2748 ’
308 2738 497 2810 stituetur.
515 2737 606 2826 Quia
625 2735 766 2832 justitia
791 2745 990 2834 serpentem
1008 2739 1053 2810 ad
1071 2731 1274 2811 calcaneum
1295 2762 1395 2811 accu-

316 2864 395 2915 rere
412 2841 585 2938 permisit,
598 2839 838 2912 misericordia
850 2841 1051 2914 calcaneum
1069 2842 1222 2918 elevavit
1238 2866 1303 2940 per
1317 2866 1395 2916 cru-

317 2969 404 3039 cem,
430 2954 470 3018 ut
495 2939 636 3042 recepta
662 2950 836 3041 potestate
854 2952 1051 3041 serpentem
1071 2954 1264 3043 superaret.
1292 2945 1395 3034 Quod

316 3073 380 3146 per
407 3051 591 3146 sequentia
616 3048 772 3120 declarat
798 3048 941 3120 dicens:
971 3050 1027 3122 Et
1053 3073 1224 3122 omnem
1251 3049 1394 3123 virtu-

317 3163 406 3224 tem
432 3153 626 3244 inimici,
654 3175 742 3248 quae
769 3176 833 3248 per
858 3175 998 3224 crucem
1024 3154 1175 3226 contrita
1200 3158 1263 3225 est.
1282 3152 1394 3226 Porro

318 3255 424 3327 dicit:
443 3259 559 3329 Ecce
586 3257 693 3330 dedi
718 3255 851 3328 vobis
873 3257 1394 3352 potestatemcalcandi

310 3368 568 3456 'serpentes
596 3368 640 3432 et
667 3359 956 3454 scorpiones,
972 3360 1393 3455 quiaabstuliterrorem,

310 3461 374 3560 qui
391 3465 554 3558 regnavit
572 3488 635 3560 per
653 3469 864 3558 serpentem,
883 3471 922 3535 ιιι
940 3471 1066 3558 regnet
1083 3465 1215 3538 veritas
1235 3467 1311 3562 ejus
1330 3464 1392 3560 qui

145 3579 155 3612 ἰ
237 3603 242 3608 ·
314 3566 413 3640 dedit
429 3574 639 3662 potestatem
656 3566 814 3638 calcandi
832 3573 1015 3662 serpentes
1035 3573 1070 3638 et
1089 3568 1301 3664 scorpiones,
1320 3568 1342 3639 1.
1363 3591 1393 3640 e.

313 3693 418 3767 reges
432 3695 563 3744 eorum.
578 3671 669 3759 Quia
680 3669 856 3767 percussit
867 3670 929 3745 ille
943 3671 1145 3744 calcaneum
1157 3673 1264 3765 Evae,
1281 3671 1395 3744 calca-

314 3776 366 3849 vit
384 3799 465 3848 eum
481 3799 545 3872 pes
562 3775 708 3848 Mariae.

417 3878 611 3952 Gratias
637 3901 721 3973 ago
747 3878 847 3969 tibi,
874 3877 1016 3950 Pater
1042 3877 1391 3975 (Μιιιι.11,2ξ)-3Ο)

315 3983 545 4055 coelestis
572 3983 624 4079 (in
642 3983 778 4056 Graeco
796 3982 903 4054 dicit:
931 3983 1074 4056 Gratias
1100 4006 1167 4078 ago
1192 3981 1268 4076 tibi,
1293 3981 1393 4054 Deus

315 4207 318 4213 ·
395 4189 421 4244 1.
445 4187 543 4246 Mene.
559 4190 605 4264 15,
617 4193 664 4249 32.
679 4192 791 4251 Sensus
803 4191 865 4250 est:
877 4191 928 4264 Ut,
941 4191 966 4248 si
979 4191 1118 4251 Christus
1132 4192 1208 4251 haec
1220 4191 1316 4251 verba
1326 4209 1393 4252 cru·

312 4264 501 4342 pingentium
517 4268 642 4326 audiens
659 4271 696 4331 de
710 4289 801 4330 cruce
816 4271 1025 4348 descenderet,
1040 4273 1167 4332 Satanas
1185 4271 1216 4330 in
1239 4290 1295 4332 sua
1307 4275 1394 4348 pote·

316 4350 396 4405 stato
411 4362 534 4405 manere
548 4349 662 4424 posset.

393 4429 421 4485 2.
446 4425 487 4484 Is.
512 4429 619 4504 14,13.
1318 4442 1393 4507 Μ
