3280 5028
351 317 418 388 194

346 448 474 523 beris
515 448 755 538 moriatur,
784 444 933 517 frater
960 445 1059 540 ejus
1100 466 1288 516 uxorem
1324 444 1423 541 ejus

348 552 494 633 ducat.
522 553 688 648 Itaque
714 573 837 622 uxor
864 548 1089 644 quaedam
1114 547 1205 620 fuit
1245 553 1422 644 septem

345 654 478 726 viris.
505 657 560 728 Iu
586 652 946 728 resurreetione
978 651 1087 747 ergo
1126 656 1423 746 mortuorum,

347 758 421 828 oui
445 781 498 831 ex
524 761 597 833 his
625 757 746 830 erit?
764 757 875 828 Estne
895 778 988 850 spes,
1007 753 1121 830 denuo
1138 756 1177 826 in
1194 753 1305 825 altero
1323 777 1424 826 mun-

346 862 390 933 do
416 861 490 934 fore
524 859 818 936 matrimonium?
855 857 957 946 Quod
984 859 1014 930 si
1039 857 1169 932 Judaei
1194 857 1231 929 in
1265 863 1423 930 resurree

314 1045 317 1052 ,
342 965 457 1036 otione
476 975 695 1040 mortuorum
722 961 947 1036 matrimonia
972 969 1171 1059 expectant,
1189 983 1260 1032 non
1278 967 1333 1033 est
1357 961 1422 1033 mi—

343 1093 434 1162 rum,
453 1071 546 1165 quod
574 1091 667 1141 nuno
685 1090 706 1138 a
723 1066 885 1138 castitate
917 1089 954 1136 se
980 1072 1155 1138 averhmt.
1186 1063 1336 1136 Valde
1360 1087 1423 1138 er-

343 1173 477 1266 ratis,
505 1174 613 1272 quia
646 1168 745 1242 filii
770 1167 926 1241 adulti
952 1169 1091 1266 hujus
1127 1167 1283 1240 mundi
1317 1192 1421 1241 uxo-

342 1299 419 1348 res
447 1275 621 1350 duount
648 1279 712 1346 eto.
740 1272 955 1360 Quivero
982 1271 1069 1344 illo
1096 1271 1260 1344 mundo
1288 1271 1421 1367 digni

342 1365 462 1452 'farti
489 1388 606 1473 sunt,
632 1378 678 1452 hi
701 1382 751 1447 ut
774 1375 935 1471 angeli
963 1381 1079 1449 sunt.
1106 1375 1341 1470 Sihomines,
1358 1377 1420 1472 qui

264 1534 266 1543 t
341 1483 480 1578 angelis
508 1483 641 1556 similes
668 1481 856 1574 fiunt‚'non
873 1478 997 1551 ineunt
1022 1479 1256 1572 matrimonia,
1275 1479 1420 1576 quidde

245 1669 249 1674 ,
340 1586 413 1659 illis
441 1587 607 1680 dicemus,
625 1584 686 1682 qui
704 1583 835 1655 audent
859 1584 926 1656 hao
944 1583 987 1654 de
1015 1607 1122 1656 eausa
1139 1589 1174 1654 et
1186 1655 1188 1660 ,
1200 1583 1347 1678 angelos
1365 1608 1420 1656 oa-

342 1689 568 1776 lumniaril?
707 1691 710 1702 '
1254 1732 1257 1736 ·

442 1794 567 1882 Quod
593 1791 858 1866 mandatum
897 1789 1093 1887 primum
1132 1796 1175 1860 et
1205 1813 1416 1888 magnum

337 1896 444 1970 estl
471 1899 517 1970 in
543 1897 678 1993 lege?
705 1893 905 1992 Respondit
936 1895 991 1966 ei:
1032 1895 1093 1968 Ut
1118 1893 1299 1990 diligas
1337 1893 1418 1966 Do-

336 2001 507 2074 minum
535 2002 676 2073 Deum
701 2006 827 2070 tuum
854 2004 898 2068 et
924 1999 1184 2094 proximum
1211 2005 1338 2070 tuum
1365 1997 1416 2070 si-

337 2112 413 2177 out
439 2112 481 2177 te
509 2106 552 2202 ip
564 2129 580 2176 s
592 2129 659 2176 um
678 2101 812 2198 (Mars.
828 2103 883 2194 22,
901 2103 1034 2196 35-39.).
1062 2103 1155 2175 Nam
1175 2101 1329 2174 charitas
1348 2101 1418 2174 Dei

339 2231 411 2280 non
437 2209 522 2282 sinit
539 2231 603 2280 nos
621 2206 750 2304 perire,
774 2213 809 2278 et
828 2205 982 2278 charitas
1008 2205 1162 2302 proximi
1188 2228 1258 2276 non
1285 2204 1419 2300 patitur

337 2335 403 2385 nos
430 2312 619 2404 offendere,
647 2311 729 2407 quia
754 2333 857 2380 nemo
885 2333 965 2380 eum
991 2308 1146 2400 offendit,
1173 2332 1279 2404 quem
1311 2316 1415 2382 amat.

228 2458 231 2463 -
336 2415 407 2486 Sed
434 2439 522 2510 quae
550 2421 632 2486 sunt
658 2411 774 2506 eorda,
802 2436 890 2508 quae
925 2413 1148 2509 reoeptaoula
1173 2413 1302 2484 amoris
1331 2434 1417 2508 erga

336 2541 457 2590 omnes
475 2519 567 2590 filios
586 2518 702 2590 oarnis
722 2540 805 2590 suae
823 2515 900 2586 fieri
918 2515 1084 2611 possint?
1107 2518 1182 2588 Aut
1199 2539 1289 2610 quae
1316 2539 1416 2588 mens

336 2621 489 2693 hominis
507 2621 543 2692 in
571 2645 608 2692 se
634 2627 751 2717 potest
777 2620 1031 2691 incrementum
1050 2619 1134 2691 dare
1160 2619 1216 2690 illi
1242 2619 1354 2692 amori
1379 2619 1416 2691 in

268 2717 270 2721 ’
336 2747 459 2824 omnes
478 2724 623 2816 animas²
643 2748 747 2818 quem
765 2723 802 2794 in
819 2745 861 2792 ea
880 2721 1067 2796 seminavit
1084 2724 1150 2795 hoo
1176 2729 1414 2820 praeseptum,¹

334 2827 428 2925 quod
447 2851 570 2900 norma
588 2835 642 2899 est
660 2825 868 2900 eharitatis?
898 2848 912 2882 u
930 2826 1069 2920 Diliges
1087 2825 1287 2922 proximum
1306 2833 1414 2919 tuum,

334 2931 425 3004 siout
443 2938 478 3003 te
498 2932 613 3029 ipsum
628 2971 655 3005 η.
676 2930 837 3002 Membra
855 2937 976 3001 nostra
993 2954 1063 3002 non
1083 2930 1270 3022 sufficiunt,
1284 2937 1323 3000 ut
1341 2929 1414 3002 sint

332 3059 420 3108 vasa
437 3035 562 3107 oeleris
579 3041 615 3106 et
633 3035 816 3106 munificae
830 3033 1021 3105 voluntatis
1040 3033 1195 3105 numinis
1213 3033 1335 3125 divini,
1351 3033 1416 3106 sed

334 3139 448 3212 solum
473 3140 620 3232 fruetur,
640 3137 700 3234 qui
720 3162 763 3210 ex
782 3137 858 3208 Deo
877 3144 941 3229 est,
961 3137 1036 3233 ejus
1054 3135 1227 3209 voluntati
1255 3137 1415 3210 sufficere

331 3249 458 3339 potest.
487 3244 729 3315 Aoourrerunt
755 3239 893 3335 angeli,
921 3264 966 3312 ex
993 3265 1057 3312 sua
1082 3246 1184 3336 parte
1212 3247 1412 3338 operantes,

223 3439 225 3443 Α
332 3353 559 3419 aoourrerunt
576 3369 691 3440 reges,
709 3345 802 3440 quod
829 3367 931 3416 suum
949 3352 1036 3437 erat,
1054 3343 1234 3438 facientes,
1253 3367 1413 3417 aucurre-

332 3454 417 3521 runt
443 3450 647 3546 prophetae,
665 3448 834 3520 miracula
854 3453 1046 3543 patrantes,
1072 3453 1227 3519 attamen
1251 3447 1413 3521 homines

332 3575 403 3626 non
422 3561 504 3625 sunt
531 3552 668 3644 salvati,
681 3551 797 3622 'donee
815 3551 858 3622 de
878 3550 974 3622 ooelo
1002 3551 1234 3623 descenderet
1259 3551 1333 3645 ille,
1353 3551 1413 3648 qui

332 3679 398 3729 nos
415 3656 517 3752 quasi
535 3679 640 3740 manu
658 3653 891 3751 apprehendit
909 3661 945 3725 et
969 3655 1128 3726 suscitat.
1155 3653 1303 3728 Duobus
1330 3679 1416 3751 ergo

331 3755 394 3850 his·
415 3759 613 3858 praeceptis
631 3759 747 3855 quivis
775 3757 909 3831 Christi
928 3758 1122 3854 discipulus
1148 3758 1251 3853 quasi
1277 3759 1414 3832 duabus
1521 3759 1525 3771 '

332 3857 399 3935 alis
417 3863 524 3958 volat,
543 3863 714 3961 charitate
741 3861 908 3934 nimirum
926 3861 964 3932 in
990 3861 1105 3936 Deum
1134 3869 1171 3934 et
1188 3861 1358 3935 charitate
1376 3861 1416 3934 in

331 3964 502 4040 homines.

412 4173 437 4227 1.
458 4169 487 4228 S.
502 4175 609 4232 auotor
622 4174 652 4231 h.
668 4173 689 4230 l.
705 4189 757 4232 eos
772 4171 882 4248 arguit,
898 4169 950 4247 qui
963 4171 1089 4246 angelos
1104 4189 1173 4230 oum
1183 4168 1305 4230 filiabus
1318 4170 1415 4230 homi·

331 4265 403 4306 num
416 4249 608 4309 matrimonia
623 4251 816 4311 contraxisse
829 4249 1029 4311 affirmarunt.
1044 4248 1088 4310 of.
1104 4250 1242 4327 ejusdem
1263 4267 1415 4310 commen·

331 4327 442 4388 tarium
455 4328 494 4388 ad
509 4329 582 4388 Gna.
592 4332 625 4406 -6,
643 4333 703 4388 1-2.

409 4408 438 4467 2·
461 4407 567 4472 aust„
583 4408 613 4468 in
629 4409 695 4469 solo
713 4409 780 4471 cod.
794 4409 819 4468 B
833 4409 954 4488 legitur.
