3218 5024
297 271 364 344 108

291 399 425 472 Ioanne
444 399 724 497 suspicabantur,
751 407 787 474 et
805 399 989 476 substituit
1005 398 1219 492 libertatem,
1238 398 1382 472 dicens:

175 563 179 570 .
294 523 310 558 u
330 502 399 590 Qui
414 527 451 574 se
465 503 582 600 ipsum
595 504 796 578 humiliavit
812 505 858 578 la.
876 505 924 575 Et
941 510 981 576 ut
999 503 1151 600 amplius
1171 502 1382 573 electionem

294 605 448 698 tolleret,
473 605 609 712 ,Simom
638 608 706 678 etsi
733 629 884 702 magnus
912 606 1083 677 electione
1112 611 1147 674 et
1166 605 1236 676 duo
1258 611 1384 674 naotus
1432 645 1435 648 -

292 707 447 800 nomina,
475 705 628 780 Simonis
655 732 783 805 nempe
812 716 847 780 et
873 709 985 798 Petri,
999 708 1069 779 alio
1096 707 1271 802 disoipulo
1294 711 1383 800 epus

291 808 426 900 habuit,
446 811 545 903 oujus
564 832 695 882 nomen
711 811 811 882 nullo
824 811 900 882 looo
919 810 1112 881 indicatum
1131 816 1196 900 est,
1210 808 1272 902 qui
1286 807 1385 901 quie-

291 911 345 981 vit
358 911 396 982 in
410 918 552 1007 pectore
567 911 721 985 Domini.
735 914 876 984 Rursus
894 911 991 983 illius
1006 911 1171 1006 discipuli
1188 909 1385 1000 beatitud0,

293 1035 401 1107 quam
420 1037 586 1106 magnam
602 1037 680 1086 esse
700 1015 962 1106 dixit2‚nonne
978 1012 1380 1109 etpropteroperaejus
1494 1051 1500 1058 -
1601 1007 1602 1030 ³

291 1139 424 1208 magna
442 1115 547 1188 erat?
570 1116 618 1187 Et
635 1117 674 1187 in
690 1117 860 1213 parabola
876 1117 1025 1188 vineae:
1055 1138 1071 1172 α
1088 1113 1296 1204 Novissimi,
1323 1113 1385 1202 ait,

295 1225 400 1290 erunt
417 1217 524 1314 primi
541 1242 577 1309 „3
596 1243 682 1290 num
710 1243 776 1314 per
794 1241 904 1314 opera
921 1243 985 1290 sua
997 1217 1025 1310 5,
1052 1241 1098 1288 an
1116 1241 1181 1312 per
1201 1213 1384 1309 gratiam?

293 1321 332 1394 Si
350 1321 416 1391 hoo
434 1320 485 1392 ita
503 1325 569 1408 est,
588 1322 728 1415 quando
747 1321 956 1415 ostendebat
974 1320 1126 1415 gratiam
1145 1343 1257 1410 suam,
1279 1314 1386 1414 justi-

294 1423 346 1493 tia
363 1422 441 1516 ejus
459 1421 577 1518 periit,
597 1423 627 1506 si
644 1423 752 1520 primi
769 1429 875 1496 erunt
893 1422 1089 1496 novissimi.
1198 1425 1202 1441 '

683 1743 918 1819 OAPUT
962 1744 1009 1817 X.

401 2067 449 2138 Et
468 2089 548 2138 oum
567 2065 635 2138 duo
653 2066 837 2141 venissent
850 2065 877 2159 ¹⁸,
904 2071 944 2137 ut
959 2064 1076 2136 locum
1103 2063 1171 2136 sibi
1197 2061 1386 2157 eligerent,

285 2190 367 2262 ·quo
382 2168 529 2264 collegis
544 2169 617 2242 suis
625 2171 897 2266 praecederent,
913 2168 1004 2239 dixit
1018 2167 1069 2238 eis
1080 2167 1272 2238 Dominus:
1289 2165 1387 2236 “Po-

297 2271 399 2342 testis
426 2295 489 2344 vos
515 2273 636 2344 bibere
664 2273 820 2364 calicem,
847 2294 952 2366 quem
980 2292 1045 2364 ego
1063 2269 1239 2342 bibiturus
1259 2293 1338 2340 sum
1356 2307 1385 2358 a,

297 2380 339 2442 ut
357 2373 510 2465 doceret,
529 2375 797 2470 praecedentiae
815 2375 932 2446 locum
950 2371 1065 2466 pretio
1082 2371 1199 2444 vendi.
1226 2371 1385 2464 Ideoque

300 2474 408 2544 dioit:
448 2475 680 2570 “Propterea
708 2483 742 2547 et
768 2477 867 2548 Deus
895 2473 1067 2546 exaltavit
1103 2481 1139 2545 et
1175 2471 1387 2568 glorifieavit

300 2600 382 2648 eum
397 2575 455 2669 s„3
474 2600 578 2648 nemo
597 2579 692 2650 enim
704 2579 818 2672 magis
836 2578 1043 2651 humiliatus
1069 2583 1123 2648 est
1141 2575 1179 2646 in
1197 2599 1261 2647 sua
1284 2581 1387 2645 natu-

295 2703 351 2769 ra,
371 2701 477 2774 quam
497 2678 673 2773 Christus,
693 2681 777 2775 quia
795 2705 841 2753 ex
858 2679 1054 2752 Divinitate
1082 2685 1168 2750 erat.
1194 2677 1389 2770 Postquam

300 2781 513 2875 didicerunt,
548 2783 643 2878 quod
668 2783 730 2854 ille
765 2783 864 2855 loeus
891 2781 1057 2878 operibus
1083 2780 1261 2871 venditur,
1296 2779 1391 2849 huno

301 2883 339 2954 in
365 2883 509 2955 modum
535 2885 676 2979 pergit:
705 2886 823 2972 Quum
843 2887 920 2981 jam
946 2883 1132 2974 didicistis,
1158 2885 1253 2955 huno
1274 2879 1391 2951 locum

301 2986 418 3079 pretio
444 2987 565 3080 vendi,
590 2989 813 3085 perpendite,
840 2988 919 3059 fieri
950 3009 1068 3081 posse,
1095 2992 1135 3056 ut
1153 2983 1391 3074 inveniantur,

302 3088 364 3181 qui
383 3088 509 3162 fortius
527 3091 628 3171 vobis
647 3091 879 3186 cucurrerint,
893 3089 952 3164 vel
979 3087 1119 3160 oursuri
1137 3087 1219 3182 sint,
1247 3094 1282 3156 et
1296 3084 1392 3183 judi-

383 3307 410 3363 1.
431 3308 531 3366 Mara.
547 3312 593 3382 18,
609 3311 638 3367 4.

382 3385 411 3440 2.
434 3385 480 3442 Of.
494 3387 593 3445 Maru.
610 3389 656 3458 16,
672 3390 688 3446 7
702 3408 709 3446 :
725 3387 866 3444 “Beatus
883 3401 916 3442 es
931 3385 1033 3444 Simon
1049 3384 1107 3442 eto.
1121 3411 1147 3443 a·

361 3515 366 3526 .
383 3463 411 3518 3.
431 3463 631 3523 Adverbum:
643 3467 704 3522 Per
716 3481 810 3542 opera
825 3479 890 3535 sua,
903 3468 955 3520 aut
966 3463 1107 3537 gratiam·
1117 3455 1215 3516 Deest
1229 3455 1260 3512 et
1271 3453 1391 3527 signum

302 3535 553 3614 interrogationis
580 3543 611 3600 in
638 3547 770 3618 utroque
800 3541 916 3610 oodioe,
944 3539 1025 3616 quod
1052 3539 1144 3595 etiam
1164 3534 1276 3592 inaliis
1301 3534 1395 3590 inter·

302 3617 512 3690 rogationibus
541 3621 667 3679 excidit.
694 3622 807 3679 Sensus
835 3637 903 3676 esse
919 3617 1056 3676 videtur:
1077 3617 1157 3674 Num
1167 3610 1325 3672 novissimi
1338 3627 1395 3699 petr

304 3710 400 3768 opera
413 3715 478 3769 sua,
492 3718 531 3756 an
544 3717 600 3774 per
613 3699 742 3774 gratiam
757 3697 845 3774 primi
859 3700 973 3755 erunt?
993 3696 1024 3754 Si
1039 3695 1114 3752 diois
1128 3693 1198 3765 hoo,
1213 3689 1294 3765 quod
1307 3689 1394 3746 nimr-

302 3789 369 3830 rum
383 3775 542 3834 novissimi
557 3794 596 3833 ex
611 3795 696 3836 mera
710 3777 810 3850 gratia
825 3779 915 3832 erunt
928 3774 1026 3850 primi,
1053 3770 1276 3828 conclamatum
1291 3770 1340 3824 est
1354 3765 1392 3856 de

298 3851 433 3925 justitia,
450 3871 528 3929 quae
539 3873 704 3931 numquam
715 3853 886 3914 oonoedere
898 3853 1011 3929 potest,
1021 3850 1056 3907 ut
1065 3847 1224 3910 novissimi
1235 3846 1300 3904 sine
1311 3862 1394 3904 omni

304 3929 415 3986 merito
431 3931 521 4006 primi
535 3931 619 3991 fiant.

385 4009 414 4064 4.
436 4009 522 4067 Haeo
543 4011 639 4069 verba
659 4009 690 4066 in
711 4007 778 4067 ood.
792 4008 821 4065 A
841 4007 872 4064 in
892 4007 986 4065 rubro
1009 4002 1124 4081 scripta
1145 4000 1227 4072 sunt,
1247 4015 1343 4076 quare
1364 3999 1395 4058 in

304 4084 395 4140 textu
409 4085 491 4144 edito
505 4085 617 4146 novum
633 4087 799 4162 capitulum
822 4085 940 4162 incipit,
956 4083 1015 4141 etsi
1028 4083 1059 4139 in
1071 4082 1220 4141 oontextu
1244 4078 1394 4137 orationis

305 4166 391 4223 nulla
410 4162 593 4240 interruptio
609 4165 699 4224 adsit.
720 4165 758 4221 In
780 4163 848 4223 ood.
865 4165 891 4222 B
912 4163 1028 4220 nullum
1048 4161 1169 4235 'signum
1190 4156 1394 4217 distinotionis

253 4250 256 4254 ’
305 4243 334 4308 h,
349 4244 369 4300 l.
383 4241 548 4298 invenitur.
565 4243 666 4303 Tenor
679 4243 773 4319 hujus
787 4242 848 4304 looi
863 4243 901 4302 ad
915 4242 1018 4300 Mara.
1031 4241 1079 4312 20,
1095 4240 1144 4297 20.
1159 4237 1290 4310 spectat.

385 4324 412 4382 5.
435 4319 570 4378 Panare·
585 4323 613 4397 2,
627 4324 654 4380 9.
