3218 5026
329 294 375 381 22

432 424 547 500 Maria
563 425 715 523 Iosepho
729 423 943 522 persuadere
959 423 1132 517 studebat,
1150 421 1414 520 conceptionem
1519 440 1522 445 ·

329 553 429 602 suam
455 553 477 601 a
503 528 638 626 Spiritu
665 552 756 624 esse,
782 527 906 601 atille
933 550 1004 600 non
1030 525 1227 620 assentivit,
1249 527 1332 623 quia
1353 549 1413 600 res

329 633 578 705 eratinaudita
591 640 627 704 et
640 633 781 705 omnino
794 657 895 704 nova.
910 632 1027 720 Quum
1039 631 1170 727 Ioseph
1185 631 1323 703 vultum
1337 631 1415 725 ejus

330 734 492 828 hilarem,
509 745 651 809 uterum
668 760 753 810 vero
770 735 945 807 tumidum
957 735 1106 828 videret,
1120 756 1185 829 pro
1200 758 1263 806 sua
1273 733 1416 830 justitia

329 839 517 934 cogitabat,
531 847 571 912 ut
584 839 815 912 diffamationi
824 845 860 910 et
872 838 1070 935 opprobriis
1082 861 1161 911 eam
1173 861 1245 909 non
1258 860 1414 933 expone-

327 949 395 1036 ret,
414 943 477 1014 sed
494 943 599 1016 tacite
617 943 823 1036 dimitteret,
837 941 921 1038 quia
936 966 1050 1037 neque
1064 947 1247 1038 peccatum
1261 944 1337 1036 ejus
1350 963 1414 1012 no-

327 1053 439 1139 verat,
456 1070 571 1144 neque
585 1047 628 1118 de
642 1047 868 1144 conceptione
883 1047 971 1143 ejuS,
985 1046 1079 1118 unde
1100 1053 1194 1118 esset
1208 1051 1326 1117 certus
1342 1044 1413 1116 fac-

327 1154 387 1223 tus
415 1157 501 1223 erat.
537 1151 839 1248 Quapropter
875 1150 1097 1246 apparuit
1131 1148 1174 1220 ei
1208 1148 1412 1243 angelus

330 1259 377 1326 et
396 1253 547 1336 dixit:
569 1255 635 1327 Ne
662 1255 841 1326 timeas.
861 1253 964 1342 Quod
977 1254 1007 1326 si
1025 1251 1413 1346 dubitas,lsaiamaudi

327 1358 538 1453 prophetam
550 1357 743 1430 dicentem:
761 1359 878 1432 “Ecce
891 1357 993 1452 uirgo
1007 1357 1180 1454 concipiet
1193 1397 1222 1450 a,
1237 1364 1273 1426 et
1282 1354 1412 1428 Daniel

329 1460 433 1532 dicit:
463 1461 599 1557 “Lapis
617 1456 789 1534 dissectus
808 1461 882 1533 sine
901 1485 1007 1533 manu
1022 1501 1049 1536 a.
1077 1461 1180 1549 Quod
1203 1466 1347 1532 nonest
1366 1458 1412 1531 si-

329 1563 414 1635 mile
436 1564 492 1636 illi
517 1564 627 1636 dicto:
654 1565 845 1662 “Aspicite
863 1565 901 1636 in
917 1572 1072 1636 montem
1090 1571 1126 1636 et
1150 1563 1282 1636 vallem
1294 1604 1323 1658 n,
1341 1586 1410 1659 quo

329 1666 367 1738 in
384 1667 461 1739 loco
478 1667 595 1741 virum
608 1675 644 1740 et
661 1668 827 1741 feminam
844 1669 970 1760 innuit,
985 1669 1042 1741 hio
1054 1691 1139 1741 vero
1158 1667 1272 1740 dixit:
1294 1689 1308 1724 o
1327 1669 1412 1740 Sine

327 1793 436 1843 manu
447 1770 494 1846 ¹22.
513 1771 612 1845 Sicut
628 1773 788 1846 Adamus
804 1772 842 1843 in
859 1773 1034 1844 creatione
1051 1773 1148 1845 Evae
1165 1771 1280 1843 vicem
1297 1770 1410 1867 patris

329 1880 366 1946 et
382 1875 506 1948 matris
524 1876 694 1973 explevit,
715 1875 766 1948 ita
782 1883 818 1948 et
834 1875 951 1949 Maria
969 1876 1008 1947 in
1025 1875 1252 1974 generatione
1269 1873 1414 1968 Domini

326 1979 451 2052 nostri.
1339 1997 1343 2024 ¹

432 2083 618 2179 Ioseph,
637 2083 806 2179 quivir
826 2082 988 2180 justus
1016 2073 1127 2175 erat,
1145 2081 1302 2154 noluit
1323 2088 1412 2153 tra-

328 2185 502 2259 ducere
528 2185 735 2260 Mariam.
763 2187 834 2261 Sed
848 2209 938 2280 ecce,
959 2186 1101 2284 justitia
1118 2187 1194 2282 ejus
1208 2185 1350 2258 inimica
1375 2193 1413 2257 et
1467 2199 1470 2210 ·

329 2289 506 2363 contraria
531 2297 587 2364 est
612 2290 696 2386 legi,
723 2315 813 2387 quae
841 2291 953 2363 dixit:
984 2290 1144 2362 uManus
1170 2296 1233 2362 tna
1256 2289 1413 2386 primum

326 2392 472 2490 incipiet
483 2394 642 2490 lapidare
657 2419 735 2466 eam
748 2393 798 2490 ²2),
815 2394 876 2466 ille
889 2417 974 2466 vero
994 2417 1071 2466 eam
1085 2393 1219 2465 occulte
1234 2393 1412 2495 dimittere

202 2522 204 2528 ·
327 2497 451 2569 voluit.
469 2500 520 2572 At
538 2497 669 2594 loseph
686 2505 844 2591 noverat,
871 2497 1134 2594 conceptionem
1150 2498 1241 2570 hanc
1257 2496 1414 2590 sin'gula'·

327 2623 405 2673 rem
423 2622 501 2674 esse
520 2608 556 2673 et
568 2625 627 2673 res
641 2624 662 2672 a
674 2601 877 2673 condicione
890 2599 1104 2674 mulierum5
1128 2607 1163 2672 et
1181 2625 1203 2672 a
1220 2606 1314 2672 statu
1333 2625 1414 2695 gra-

267 2733 272 2748 *
327 2703 491 2777 vidarum
508 2711 698 2802 nuptarum
716 2705 849 2777 alienas
868 2704 1046 2798 accidisse,
1065 2728 1155 2801 quae
1181 2703 1299 2776 omnia
1322 2704 1413 2776 indi-

328 2808 384 2880 cia
401 2809 435 2880 ei
451 2812 701 2906 praebuerunt,
719 2809 812 2880 unde
831 2815 1069 2904 cognosceret,
1088 2833 1110 2880 a
1125 2809 1203 2880 Deo
1219 2808 1311 2880 hanc
1336 2831 1412 2879 rem

328 2911 456 2984 factam
481 2935 570 2984 esse.
604 2913 798 3008 Nunquam
833 2913 927 2983 enim
961 2911 1089 2986 alicubi
1123 2912 1161 2985 in
1187 2911 1303 2984 Maria
1336 2935 1413 2984 rem

327 3015 542 3113 impudicam
559 3016 866 3110 animadverterat,
884 3036 950 3088 neo
966 3022 1105 3112 poterat
1123 3015 1155 3088 ei
1168 3039 1240 3090 non
1256 3014 1412 3111 credere,

329 3143 420 3214 qnae
454 3120 567 3192 multa
591 3119 793 3192 testimonia
829 3120 991 3213 habebat,
1026 3119 1232 3193 Zachariam
1262 3125 1412 3214 mutum,

329 3223 514 3298 Elisabeth
526 3231 793 3321 praegnantem,
807 3222 926 3318 angeli
939 3223 1255 3316 annunciationem,
1275 3223 1413 3294 exulta-

329 3326 464 3399 tionem
475 3327 620 3401 Ioannis
634 3335 670 3399 ct
680 3327 903 3424 prophetiam
915 3332 1057 3422 patrum
1075 3328 1151 3423 ejus
1165 3326 1180 3372 ²⁸
1196 3328 1305 3420 ;haec
1318 3327 1412 3399 enim

330 3432 448 3503 omnia
464 3454 544 3503 cum
560 3430 640 3503 aliis
653 3430 775 3502 multis
801 3430 844 3500 de
867 3431 1092 3526 conceptione
1109 3431 1259 3527 virginis
1277 3431 1413 3504 concla-

329 3537 482 3609 mabant.
501 3534 738 3623 Quamobrem
755 3533 952 3629 exjustitia
969 3534 1146 3631 cogitavit,
1163 3542 1203 3607 ut
1216 3534 1321 3607 tacite
1335 3559 1413 3608 eam

413 3786 441 3842 1.
461 3782 575 3843 Sensus
590 3784 656 3842 est:
671 3783 827 3861 Scriptura
844 3774 927 3860 (quo
940 3783 1021 3860 loco,
1040 3781 1160 3864 nescio)
1183 3786 1414 3863 generationem

210 3911 212 3915 ,
331 3864 502 3922 naturalem
516 3881 570 3941 per
583 3867 718 3923 montem
739 3866 770 3921 et
783 3863 893 3922 vallem
908 3864 1059 3940 exprimit,
1069 3864 1184 3924 Mariae
1199 3879 1274 3924 vero
1287 3866 1414 3943 virginis

330 3941 559 4016 generationem
572 3941 681 4001 Daniel
694 3941 841 4002 describit
854 3944 895 4018 (2,
910 3939 961 4021 34)
975 3941 1105 4018 imagine
1118 3943 1226 4022 lapidis
1246 3945 1284 4004 de
1305 3949 1410 4004 monte

332 4020 397 4080 sine
410 4019 550 4079 manibus
564 4021 698 4081 dissecti.
747 4067 750 4072 -

411 4101 439 4158 2.
460 4100 509 4158 Ad
529 4105 651 4160 s'ensum
671 4099 1033 4177 allegatuanor.17,7.
1058 4100 1215 4162 Sententia
1235 4117 1368 4178 sequens
1382 4103 1414 4162 in

334 4178 400 4239 solo
412 4177 515 4239 eod-B
528 4183 586 4239 est.

412 4262 441 4318 3.
461 4257 565 4317 Verba
580 4273 621 4316 “a
634 4258 811 4319 condicione
825 4257 1011 4320 mulierum„
1029 4276 1070 4317 ex
1085 4258 1151 4319 cod.
1162 4260 1198 4317 B.
1214 4257 1317 4318 addita
1331 4260 1413 4317 sunt.

413 4340 441 4396 4.
460 4336 561 4396 Etiam
574 4337 697 4400 Aucher
710 4338 754 4398 ita
766 4339 869 4398 vertit.
890 4338 1000 4396 Patres
1023 4337 1148 4398 Ioannis
1161 4338 1192 4397 h.
1205 4338 1225 4397 l.
1247 4338 1413 4416 prophetas

336 4418 440 4480 vocari
453 4415 605 4478 existimo.
