3260 5020
264 419 267 422 ·
336 399 453 474 Maria
475 399 590 498 primo
608 399 795 476 maue‘ivit
812 399 857 476 ad
886 401 1100 500 sepulerum,
1118 424 1227 500 quum
1255 403 1326 476 Do-

233 503 350 577 minus
363 505 439 602 jam
458 503 711 598 resurrexisse,
732 512 768 576 et
785 528 888 578 nemo
915 507 1041 580 horam
1056 507 1328 580 resurrectionis

231 605 308 702 ejus
326 612 487 700 noverat,
506 607 569 678 sed
587 606 705 679 Maria
724 607 761 680 id
788 608 881 680 dixit
908 609 1112 706 discipulis,
1133 632 1205 680 non
1232 609 1327 681 enim

231 711 429 810 oportebat,
463 709 495 781 ei
525 709 586 806 qui
616 709 776 782 infinitus
807 717 872 806 est,
899 713 1022 785 horam
1053 711 1327 786 resurrectionis

233 809 396 886 adscribi.
438 811 542 901 Quod
571 819 691 884 autem
718 835 790 885 nou
817 815 984 910 completi
1021 823 1104 888 sunt
1134 821 1209 888 tres
1236 814 1325 909 dise,

231 912 283 984 ita
301 915 491 1011 explicant.
512 913 604 1002 Quia
621 915 735 989 Judas
753 939 791 988 se
811 917 929 1012 ipsum
957 919 1203 1014 suspenderat,
1222 918 1327 991 multi

232 1013 417 1090 Christum
443 1015 738 1092 incriminantes*
768 1019 963 1092 dixerunt:
993 1020 1088 1112 Quid
1114 1020 1203 1114 hoo,
1231 1022 1326 1114 qnod

231 1141 301 1190 non
320 1125 459 1193 tantum
480 1145 518 1194 se
536 1121 655 1216 ipsum
672 1145 744 1196 non
760 1129 901 1218 poterat
919 1123 1071 1216 salvare,
1090 1123 1154 1196 sed
1172 1129 1208 1194 et
1225 1121 1324 1198 illius

231 1221 387 1322 animam
419 1223 628 1322 perdidit2?
646 1225 809 1322 ideoque,
826 1231 866 1296 ut
890 1225 1094 1322 hujusmodi
1116 1225 1325 1321 opinionum

233 1323 405 1420 figmenta
431 1327 607 1422 auferret,
634 1328 832 1401 resurrexit
859 1335 940 1399 ante
968 1334 1110 1425 tempus
1142 1335 1324 1402 statutum.

202 1465 203 1470 =
232 1425 346 1501 Porro
372 1430 504 1522 dieunt,
522 1429 606 1524 quia
633 1453 734 1504 secus
766 1429 931 1526 discipuli
959 1431 1003 1504 ab
1031 1455 1072 1504 eo
1101 1430 1339 1504 defecissent(

234 1529 272 1602 Si
298 1532 393 1605 enim
429 1533 570 1624 Simon,
601 1555 723 1606 eorum
753 1537 878 1630 eaput,
900 1535 1029 1630 jurans
1057 1558 1138 1608 eum
1166 1533 1324 1629 negavit,

235 1641 367 1730 quanto
395 1636 510 1730 magis
537 1633 604 1728 illi,
631 1636 692 1731 qui
728 1658 807 1710 eum
836 1637 1110 1732 sequebantur?
1138 1637 1253 1724 Quam
1280 1641 1324 1712 ob

234 1757 377 1810 oausam
407 1738 670 1835 praeveniendo
702 1747 840 1811 mentes
875 1762 997 1812 eorum
1030 1740 1252 1832 confortavit,
1280 1739 1338 1812 ne*

233 1843 543 1934 conturbarentur,
569 1841 748 1936 quoniam,
766 1849 806 1914 ut
832 1843 943 1938 ajunt,
961 1865 1027 1914 neo
1053 1843 1118 1916 filii
1149 1842 1324 1916 dextrae³

152 1967 155 1973 ·
233 1942 399 2016 continuo
426 1946 627 2041 sperabant,
654 1967 734 2016 eum
762 1968 808 2016 ex
839 1945 1003 2040 sepulcro
1030 1945 1211 2020 exiturum
1234 1969 1323 2019 esse.

231 2042 279 2115 ut
295 2047 379 2140 quia
405 2071 518 2144 usque
545 2047 637 2118 illud
663 2054 804 2144 tempus
831 2070 934 2120 nemo
963 2047 1035 2122 tale
1062 2071 1152 2146 opus
1178 2048 1323 2143 fecerat,

232 2145 313 2219 ideo
331 2149 507 2247 sapientia
525 2151 600 2247 ejus
626 2149 672 2222 ad
690 2172 810 2222 eorum
843 2149 1011 2223 solatium
1042 2150 1206 2224 aoeurrit.
1230 2151 1324 2224 Aut

232 2271 278 2322 ex
296 2251 358 2324 illo
378 2253 447 2346 die,
466 2275 536 2350 quo
554 2275 693 2325 oruoem
712 2251 882 2348 aseendit,
902 2277 973 2325 una
990 2277 1070 2326 eum
1088 2254 1157 2346 die,
1175 2277 1245 2348 quo
1267 2277 1322 2340 re*

231 2357 586 2449 surrexittriduum
607 2355 806 2442 ¹descensus
834 2361 870 2428 et
896 2377 1065 2430 aseensus
1092 2357 1168 2454 ejus
1199 2381 1322 2430 nume·

231 2464 341 2530 ratur.
362 2460 453 2532 Aut
472 2483 518 2531 ex
535 2482 606 2556 quo
624 2458 681 2530 die
699 2454 828 2554 o'orpus
848 2465 884 2532 et
910 2460 1121 2554 sanguinem
1144 2483 1248 2532 suum
1270 2460 1322 2534 eis
1424 2457 1427 2464 ’

230 2559 340 2656 dedit,
358 2563 425 2635 hoo
441 2561 599 2636 triduum
616 2567 898 2634 consummatum
918 2569 982 2635 est.

333 2665 608 2757 Vestimentum,
627 2687 696 2760 quo
715 2664 753 2735 in
771 2661 936 2760 sepulcro
964 2665 1146 2739 involutus
1166 2671 1254 2754 erat,
1272 2665 1323 2737 ibi

228 2765 387 2864 reliquit,
414 2773 454 2840 ut
479 2766 613 2841 homo'⁸
631 2766 670 2838 in
695 2765 901 2862 paradisum
928 2767 1004 2840 sine
1032 2775 1132 2841 veste
1158 2767 1322 2860 intraret,

231 2869 321 2942 siout
338 2870 414 2942 illie
432 2877 520 2963 erat,
543 2876 733 2964 antequam
761 2876 984 2964 peceaverat.
1011 2869 1103 2956 Quia
1129 2869 1234 2941 homo
1262 2893 1322 2942 ve-

231 2969 416 3068 stiebatur,
435 2997 544 3070 quum
562 2971 793 3068 egrederetur
812 2995 858 3044 ex
877 2970 1055 3068 paradiso,
1073 2971 1321 3066 denudabitur,

230 3075 371 3168 quando
389 3077 538 3149 intrabit
554 3075 593 3148 in
611 3097 702 3148 eum.
720 3076 812 3147 Aut
829 3074 908 3146 ideo
925 3073 1176 3148 vestimentum
1197 3074 1247 3146 ibi
1265 3098 1321 3147 re-

229 3175 344 3274 liquit,
362 3187 403 3253 ut
421 3178 631 3277 mysterium
650 3177 921 3252 resurrectionis
949 3184 1169 3250 mortuorum
1187 3177 1321 3272 signifi·
1422 3252 1424 3256 s
1483 3253 1485 3258 ,
1545 3203 1546 3206 ’

230 3289 338 3376 earet,
357 3283 441 3378 quia
460 3281 645 3378 sicutipse
666 3279 824 3352 surrexit
841 3280 879 3351 in
898 3279 1013 3376 gloria
1030 3303 1105 3374 sua,
1123 3287 1158 3353 et
1186 3303 1257 3352 non
1284 3281 1322 3354 in

229 3385 389 3460 vestibus
409 3385 493 3479 suis,
515 3385 565 3457 ita
584 3391 620 3470 et
637 3405 702 3456 nos
725 3382 892 3478 operibus
919 3383 1052 3456 nostris
1079 3406 1319 3480 resurgamus.

332 3487 405 3582 Illi,
424 3489 507 3560 data
523 3487 685 3584 pecunia,
704 3485 756 3558 eis
782 3493 1051 3582 persuaserunt,
1070 3493 1111 3558 ut
1136 3487 1321 3559 diberent:

231 3586 523 3688 “Discipuli
551 3590 689 3664 nobis
716 3611 873 3660 somno
902 3589 1100 3684 sopitis,
1128 3612 1227 3662 eum
1258 3587 1321 3660 fu-

307 3873 333 3926 1.
355 3871 392 3927 In
408 3870 476 3928 eod.
490 3871 533 3927 B:
552 3870 747 3928 “Iliadentes
761 3899 787 3928 a.
1061 3904 1063 3907 v

305 3951 333 4004 2.
355 3949 413 4006 Hie
427 3947 557 4006 forsitan
572 3965 680 4006 seusus
696 3953 744 4006 est
759 3948 866 4006 textus
882 3945 1013 4006 correcti
1029 3961 1069 4004 ex
1084 3945 1152 4005 eod.
1168 3945 1202 4002 B.
1215 3943 1322 4002 Verba

226 4021 294 4082 ood.
308 4026 476 4085 AAuoher
500 4031 644 4084 aeourate
669 4026 712 4084 sie
736 4024 856 4084 reddit:
881 4024 996 4083 “Multi
1017 4024 1215 4102 ineulparuut
1241 4039 1321 4095 eum,
1348 4066 1352 4075 .

226 4101 308 4194 guod
323 4121 418 4182 quare
432 4122 488 4179 pro
504 4120 540 4160 eo
558 4107 589 4160 et
615 4103 673 4163 sibi
697 4103 755 4180 ipsi
777 4122 839 4164 nou
864 4103 964 4180 potuit
985 4103 1100 4180 vivere,
1115 4101 1248 4180 perdidit
1275 4118 1322 4159 se·

224 4199 381 4320 speusippi·
397 4281 423 4320 e.
439 4260 538 4320 eiecti.

307 4341 334 4396 4.
356 4341 406 4400 Ad
419 4339 546 4414 uerbum
565 4338 684 4398 “Adam
698 4369 724 4401 „.
