3280 5028
1250 301 1331 378 153,

227 433 351 508 minus
362 429 487 506 oeulos
502 427 703 506 invisibiles
718 435 758 502 et
771 426 933 502 visibiles
952 427 986 500 ei
1004 426 1118 502 daret.
1136 427 1319 504 Modicum

84 567 87 571 ·
228 535 388 609 eredenti
412 536 589 608 modicum
617 534 715 606 dedit
731 534 857 606 visum.
887 531 1005 620 Quum
1031 539 1150 604 autem
1181 535 1321 607 modica

226 639 348 712 111111
370 638 485 711 oeulis
514 640 590 736 ejus
608 637 772 727 oriretur,
791 659 922 730 magna
946 636 1014 708 lux
1038 635 1075 708 in
1102 643 1220 708 mente
1241 639 1318 734 ejus

227 743 360 816 illuxit.
388 741 646 817 Perfieiebatur
672 741 761 813 fides
788 740 864 836 ejus
891 739 989 812 intus
1009 746 1046 811 et
1072 739 1322 834 perficiebatur

228 847 437 941 risusejus
468 846 564 920 foris.
592 844 730 918 Vidit
755 842 907 915 omnia
933 848 1100 939 aperte
1120 841 1264 938 (Maso.
1285 847 1319 939 8,
1447 913 1449 917 ,

230 951 302 1043 25).
323 949 440 1036 Quum
467 949 505 1021 in
531 949 646 1045 primo
665 954 702 1020 et
717 947 844 1020 humili
870 946 985 1041 gradu
1011 951 1118 1040 esset,
1144 945 1319 1022 Dominus

228 1052 384 1126 debilem
404 1051 510 1124 fidem
536 1053 613 1148 ejus
640 1050 806 1142 firmauit,
825 1073 916 1146 quae
943 1072 1024 1122 oum
1050 1049 1185 1122 firmior
1204 1048 1319 1145 fieret,

228 1156 355 1230 emillo
373 1155 568 1229 debilitatis
587 1155 702 1251 gradu
715 1153 822 1249 quasi
841 1153 934 1227 saltu
951 1153 997 1226 ad
1016 1153 1166 1250 gradum
1184 1153 1283 1249 perse

228 1259 522 1332 tionis-aseendit.
1269 1288 1272 1297 ·

476 1611 483 1622 '
570 1625 802 1704 saror
845 1621 999 1708 utu.⁴

335 1979 454 2070 Quid
483 1979 536 2052 de
565 2003 631 2051 me
659 1979 825 2051 dieunt
852 1977 1075 2072 homines,
1102 1978 1223 2074 quod
1256 1977 1325 2051 sit

230 2079 371 2157 filius
397 2081 634 2156 hominis?
658 2080 970 2178 Respondent
998 2083 1062 2157 ei:
1087 2082 1322 2156 Nonnulli

230 2185 418 2281 dieunt,
446 2185 567 2282 quod
596 2185 660 2258 sit
684 2185 840 2278 Elias,
869 2183 976 2278 alii,
1004 2185 1124 2282 quod
1161 2185 1226 2256 sit
1256 2186 1322 2258 Ie-

230 2290 406 2362 remias
428 2288 564 2387 (Mara.
585 2291 642 2382 16,
664 2289 804 2384 13-28).
823 2287 927 2376 Quod
945 2288 1126 2380 dixerunt,
1144 2287 1228 2382 quia
1256 2288 1323 2360 mi-

229 2393 353 2465 raoula
371 2393 448 2490 ejus
464 2399 668 2490 spectantes
683 2415 793 2488 aeque
812 2391 1096 2486 magnitudinem
1114 2389 1190 2486 ejus
1208 2391 1325 2488 expli-

230 2518 314 2568 eare
331 2521 403 2570 nou
429 2502 608 2593 poterant,
627 2495 691 2569 sed
708 2495 874 2568 nonnulli
900 2501 1152 2592 compararunt
1176 2517 1259 2566 eum
1276 2495 1325 2568 D-

230 2599 301 2672 liae
327 2608 475 2697 propter
502 2599 620 2671 zelum
647 2599 772 2671 domus
808 2597 928 2671 Patris
955 2599 1030 2692 sui,
1057 2597 1119 2670 alii
1149 2597 1325 2670 Ieremias

230 2710 380 2800 propter
406 2703 631 2776 sanctitatem
659 2703 735 2798 ejus
762 2703 806 2775 ab
832 2708 935 2774 utero
956 2702 1092 2793 matris,
1111 2700 1172 2772 alii
1198 2701 1325 2774 Ioanni

230 2812 380 2902 propter
405 2806 622 2904 baptismum
649 2807 725 2904 ejus
744 2812 780 2878 et
806 2805 981 2879 miracula
1010 2803 1209 2878 nativitatis
1236 2806 1325 2901 ejus,

230 2909 401 3004 quiabae
419 2933 478 2982 res
496 2916 601 2982 notae
623 2914 735 2981 erant.
763 2909 816 2981 Ut
834 2907 1001 3004 discipuli
1020 2909 1097 3004 ejus
1119 2907 1325 2979 admiratio-

196 3091 199 3097 ,
233 3035 279 3083 11
299 3013 555 3107 afficiebantur,
573 3013 624 3084 ita
640 3013 678 3083 in
696 3011 748 3084 eis
779 3010 841 3105 qui
859 3033 940 3083 eum
957 3010 1138 3110 videbant,
1162 3010 1325 3083 diversas

234 3122 335 3188 ortae
354 3122 438 3190 sunt
456 3116 641 3212 opiniones
657 3115 681 3188 ¹.
708 3115 801 3188 Vos
828 3121 982 3186 antem
1018 3112 1130 3209 quid
1157 3113 1326 3186 dieitis

232 3219 287 3290 de
313 3241 389 3314 me,
416 3219 535 3315 quod
563 3218 673 3292 sim?
702 3218 871 3311 Simon,
890 3223 997 3313 eaput
1014 3225 1050 3289 et
1065 3215 1326 3314 1111111110-

238 3329 376 3394 sutus
404 3319 1325 3414 1111Τ11110111111111,11111111111111.

237 3426 295 3498 Et
321 3425 610 3524 respondit:
646 3426 824 3497 Beatus
851 3449 909 3518 es,
938 3417 1117 3497 Simon.¹
1146 3425 1202 3498 Et
1228 3447 1326 3522 por-

238 3536 312 3601 tae
339 3527 489 3602 inferi
514 3536 558 3602 te
586 3551 673 3600 non
700 3529 907 3621 vincent,
935 3527 1007 3600 11.
1039 3527 1134 3624 quod
1164 3552 1237 3600 non
1266 3529 1327 3601 de-

239 3638 400 3706 struetur
426 3632 558 3706 fidesa
587 3632 690 3720 Quod
717 3631 812 3705 enim
839 3631 1012 3704 Dominus
1039 3632 1220 3724 aedificat,
1247 3632 1327 3728 quis

238 3741 357 3832 potest
374 3736 570 3828 destruere,
589 3741 625 3806 et
643 3735 737 3831 quod
763 3735 937 3807 Dominus
957 3735 1141 3829 subvertit,
1159 3735 1239 3831 quis
1266 3758 1328 3830 po·

237 3844 310 3911 test
336 3839 536 3912 suscitare?
562 3839 687 3913 Voluit
712 3839 885 3934 Assyrius
925 3837 1109 3912 destruere
1135 3837 1329 3934 templum,

238 3942 333 4037 quod
346 3941 520 4014 Dominus
538 3941 797 4035 aedificaverat,
812 3939 875 4014 sed
891 3941 948 4012 hio
962 3942 1140 4016 destruxit
1161 3942 1330 4014 thronum

239 4045 343 4141 regni
369 4047 455 4142 ejus.
481 4047 539 4120 Ita
557 4053 592 4118 et
617 4045 785 4121 Nicanor.
804 4045 851 4119 Et
868 4044 994 4120 Achab
1012 4045 1126 4120 voluit
1143 4045 1329 4120 aedificare

323 4311 350 4366 1.
370 4305 429 4365 Hie
442 4305 529 4366 loeus
544 4324 584 4364 ex
599 4306 666 4364 eod.
681 4273 726 4382 B3
747 4305 928 4366 emendatus
940 4311 997 4366 ast.

322 4388 350 4442 2.
373 4385 410 4442 In
424 4385 492 4446 eod.
507 4387 549 4445 B:
564 4383 655 4444 Fides
669 4389 731 4444 tua.
