3260 5020
319 284 387 356 248

321 414 544 502 aberrarunt,
562 410 616 482 vis
645 409 793 486 alterius
821 433 907 482 suae
934 413 1031 484 vocis
1048 432 1109 482 eos
1122 409 1295 482 correxit.
1322 407 1422 497 Quia

269 547 271 552 ·
321 536 392 584 vox
411 513 527 608 prima
551 511 746 586 ludibrium
764 519 844 586 erat
870 513 907 584 in
933 537 994 586 ore
1023 520 1213 606 00101001
1234 511 1414 599 1111101001

320 615 439 688 irrisio
465 617 502 688 in
528 615 648 688 verbis
673 637 811 706 ecnuu,
827 637 898 687 vox
931 615 1045 688 altera
1069 638 1136 688 vae
1171 615 1348 687 10010001
1370 613 1413 684 in
1496 669 1500 672 -

322 739 382 790 ore
410 739 532 792 eorum
560 724 596 788 et
621 715 813 813 complosio
840 741 1008 792 manuum
1034 717 1071 789 in
1097 725 1241 814 pectore
1277 737 1412 789 eorum.

323 819 416 905 Quia
432 843 505 896 vox
535 819 651 915 prima
681 821 871 913 reprobata
901 827 966 912 est,
997 820 1095 892 misit
1125 819 1290 911 alteram,
1321 841 1414 914 quae

323 921 516 994 vindictam
533 924 665 994 faceret
683 921 720 992 in
739 923 988 1016 reprobatores
1007 923 1096 1019 ejua
1121 921 1225 1010 Quod
1248 921 1298 994 ad
1314 921 1415 1016 ipsos

322 1023 423 1096 Elias
451 1024 582 1115 veniet,
609 1023 675 1114 illi,
703 1029 794 1094 teste
823 1023 1018 1120 Scriptura,
1046 1023 1291 1116 crediderunt3
1319 1023 1414 1118 quod

325 1131 444 1198 autem
462 1127 507 1198 ad
534 1125 718 1198 Christum
744 1123 846 1196 Elias
863 1126 986 1199 venire
1004 1127 1130 1223 possit·
1146 1126 1184 1198 id
1200 1126 1253 1198 eis
1281 1125 1414 1197 ridicu-

322 1226 396 1300 lum
414 1228 612 1302 videbatur.
649 1226 766 1314 Quum
792 1249 878 1300 vero
905 1230 1100 1325 prophetae
1125 1227 1413 1324 desperationem

321 1352 444 1403 eorum
477 1339 512 1404 et
542 1331 726 1402 interitum
756 1329 855 1402 urhis
884 1331 1140 1426 praedixisset,
1171 1335 1300 1402 cantra
1323 1328 1414 1406 istoc

323 1454 406 1508 0000
424 1433 616 1529 populares
633 1429 756 1526 testati
776 1439 870 1525 sunt,
889 1433 984 1528 quod
999 1433 1043 1509 ad
1063 1457 1123 1506 eos
1139 1431 1241 1506 Elias
1263 1455 1335 1506 non
1351 1453 1415 1502 ve-

321 1533 407 1606 niet.
426 1535 544 1622 Quum
571 1556 696 1607 manus
714 1532 790 1628 ejus
819 1535 930 1608 clavis
954 1537 1198 1632 affigerentur,
1226 1533 1415 1628 affigentes

323 1637 485 1730 coarguit
515 1638 641 1729 lutum,
660 1635 753 1730 quod
773 1635 817 1708 ad
836 1638 1048 1732 aperiendos
1077 1636 1197 1709 ocutos
1230 1655 1412 1708 caecorum

320 1761 447 1810 manua
466 1739 543 1836 ejus
560 1737 812 1812 formaverunt.
839 1739 967 1812 Manus
986 1740 1080 1812 enim
1099 1741 1188 1835 ejus,
1207 1739 1269 1832 qui
1293 1735 1412 1832 potuit

321 1841 462 1935 aperire
489 1841 609 1914 000100
636 1861 831 1931 caecorum,
850 1849 890 1913 ut
915 1843 1033 1936 ipsum
1059 1841 1235 1933 viderent,
1261 1847 1357 1910 certe
1376 1845 1412 1908 et

296 1949 484 2038 poterant
513 1947 704 2016 obcaecare
735 1943 994 2038 crucifigentes,
1010 1947 1051 2016 ut
1068 1944 1185 2039 ipsum
1211 1964 1286 2014 non
1311 1940 1413 2030 uide-

263 2083 265 2086 ·
320 2052 412 2116 rent.
431 2045 478 2117 Et
495 2069 559 2142 per
572 2045 694 2117 firmos
712 2045 788 2140 ejus
807 2047 929 2140 pedes,
942 2046 1004 2142 qui
1021 2045 1142 2118 densis
1158 2044 1311 2120 01000110
1328 2043 1412 2114 suh·

317 2145 421 2220 missi
447 2153 539 2240 sunt,
566 2145 801 2218 condensatae
827 2147 955 2241 undae,
981 2171 1072 2243 quae
1098 2148 1231 2243 ligatae
1259 2145 1412 2242 pedihus

318 2249 451 2342 ejusce
471 2249 724 2341 submiserunt,
744 2247 915 2343 ligatores
942 2250 1018 2345 ejus
1042 2250 1320 2341 convincebant5
1342 2267 1411 2342 pe·

321 2349 384 2422 des
403 2353 509 2442 euim,
524 2352 584 2448 qui
603 2373 711 2446 super
729 2350 872 2422 dorsum
889 2353 1067 2425 undarum
1086 2351 1267 2426 ambulare
1285 2354 1410 2445 potue-
1515 2353 1518 2358 '

318 2459 416 2544 runt,
432 2454 522 2548 quin
540 2455 848 2546 immergerentur,
867 2460 1060 2549 potueruut
1086 2463 1122 2536 et
1146 2453 1283 2525 calcare
1303 2451 1410 2523 dorsa

317 2553 551 2646 inimicorum,
570 2577 613 2626 ne
633 2577 712 2625 eum
731 2555 768 2624 in
786 2577 927 2628 erucem
944 2563 1103 2650 agerent.
1339 2565 1341 2570 '

425 2657 495 2730 Sed
514 2679 592 2728 cum
624 2679 752 2752 corpus
784 2657 859 2754 ejus
884 2659 923 2732 -in
954 2659 1064 2755 ligno,
1082 2659 1120 2730 in
1142 2680 1217 2751 ⁴quo
1247 2654 1407 2729 thesauri

318 2757 590 2854 vitagentium
610 2765 721 2852 erant,
740 2761 1019 2856 suspendissent,
1036 2759 1197 2857 respexit
1213 2756 1259 2832 ad
1276 2765 1407 2830 terram

318 2862 490 2954 gentium,
509 2884 599 2956 quae
626 2862 691 2932 hos
718 2861 904 2935 thesauros
932 2863 1077 2960 accepit.
1107 2861 1243 2958 Joseph
1261 2878 1415 2954 -qnoque

319 2961 434 3036 dixit:
457 2986 471 3020 0
490 2965 635 3036 Portate
653 2986 735 3036 ossa
761 2987 840 3034 mea
865 2965 948 3040 hino
965 3005 980 3041 0
999 2966 1024 3056 ⁴,
1043 2965 1126 3061 quia
1142 2961 1310 3060 quamdiu
1338 2959 1407 3033 1010

318 3073 461 3138 sanctus
493 3067 682 3138 thesaurus
714 3066 751 3136 in
783 3065 847 3138 illa
876 3075 973 3141 terra
999 3067 1182 3140 immunda
1207 3062 1408 3161 depositum

320 3176 407 3260 erat,
426 3168 524 3240 Deus
544 3192 622 3240 curn
642 3191 684 3239 ea
701 3167 980 3242 misericordiam
997 3170 1090 3242 fecit.
1108 3169 1165 3242 Ex
1185 3168 1309 3240 eadem
1327 3188 1409 3236 oau-

316 3291 356 3339 sa
367 3271 391 3340 J
392 3270 496 3341 udaei
514 3295 560 3342 ex
575 3279 671 3342 terra
684 3269 904 3365 Babyloniae
922 3273 1059 3346 reversi
1073 3278 1165 3346 sunt.
1179 3271 1228 3345 Et
1242 3270 1273 3342 01
1281 3269 1350 3342 hcc
1364 3267 1408 3338 de

316 3369 457 3444 Sanctis
474 3373 581 3466 valet,
600 3379 733 3468 quanto
752 3374 866 3467 magis
885 3375 928 3446 de
955 3375 1108 3448 Domino
1126 3396 1259 3446 eorum.
1278 3368 1409 3442 Α(110010

314 3472 444 3545 affixae
465 3484 701 3566 summanus,
720 3498 811 3568 quae
841 3499 906 3550 nos
924 3501 946 3550 a
962 3476 1114 3550 vinculis
1141 3473 1266 3548 mortis
1294 3469 1409 3544 solve-

313 3583 407 3648 runt.
426 3571 567 3650 Affiriae
586 3585 823 3669 0001100000,
843 3601 932 3674 quae
962 3578 1147 3652 solverunt
1173 3574 1318 3649 vincula
1344 3595 1407 3650 0οτ

312 3685 389 3752 stra
402 3687 438 3750 et
451 3681 646 3754 vinxerunt
665 3702 724 3751 eos
739 3679 799 3774 qui
813 3704 878 3753 000
895 3680 1062 3776 ligarent.
1076 3679 1210 3753 Mirum
1228 3683 1295 3768 est,
1312 3675 1407 3770 quod
1437 3695 1439 3698 ·

312 3781 445 3854 mortui
458 3782 577 3856 vivum
597 3783 802 3854 occiderunt
821 3791 857 3856 et
875 3783 1011 3856 0001000
1024 3789 1185 3856 00011000
1202 3777 1406 3864 vivificavit.

312 3880 371 3954 Illi
398 3885 555 3956 furorem
583 3909 685 3958 suum
713 3895 891 3958 auxerunt
918 3894 954 3959 et
981 3885 1189 3960 extulerunt
1217 3883 1255 3956 iu
1282 3879 1406 3972 altum,

312 3984 372 4056 hio
390 4009 455 4058 sua
473 3987 661 4082 magnifica
679 3987 771 4058 dona
790 3989 891 4062 auxit
922 3995 958 4062 et
988 4011 1101 4086 usque
1131 3981 1170 4058 in
1192 3981 1406 4082 prohrudum

311 4087 464 4160 demisit.
487 4090 557 4160 Hic
575 4098 629 4162 est
646 4098 818 4184 mortuno,
837 4115 942 4188 quem
961 4113 1055 4165 mors
1084 4087 1203 4186 rapuit
1229 4096 1266 4164 et
1287 4087 1405 4160 abstu-

391 4324 416 4375 1.
439 4320 513 4376 Gur.
535 4321 582 4392 50,
597 4320 644 4375 25.
