3280 5028
1248 349 1315 420 189

224 475 712 573 Porro'ait:·Spiritum
752 473 969 568 nescitis,
1010 475 1129 550 unde
1170 475 1316 568 venit,

227 589 305 654 aut
331 603 419 676 quo
445 580 587 668 vadit,
615 577 637 650 i.
657 600 686 649 e.
716 575 748 648 si
774 576 958 650 sensibilia
982 601 1055 650 non
1085 578 1317 674 comprehen-

227 685 370 777 duntur,
388 682 468 780 quis
488 682 565 775 erit,
585 681 647 776 qui
665 704 717 773 ea,
735 703 825 774 quae
845 680 1008 753 sensibus
1026 705 1098 754 non
1115 681 1317 777 percipiun-

226 795 296 878 tur,
311 793 347 858 et
364 809 454 882 quae
472 783 511 856 in
529 784 636 856 coelis
656 789 749 876 sunt,
765 783 974 855 scrutetur?
993 783 1049 856 Et
1075 805 1204 857 nemo
1232 794 1316 877 est,

225 889 303 986 qui
345 887 565 961 ascendit
591 887 639 959 in
665 885 857 980 coelum,
884 886 980 958 nisi
1007 886 1087 982 qui
1126 886 1318 960 descen·

228 991 298 1063 dit
325 991 377 1062 de
406 1013 466 1083 eo,
494 989 633 1061 filius
661 988 875 1081 hominis,
901 995 942 1061 ut
960 990 1112 1083 doceret,
1138 989 1317 1064 neminem

124 1159 137 1182 ,
224 1095 269 1166 ad
288 1094 404 1166 locum
432 1092 630 1164 divinitatis
661 1090 865 1164 ascendisse
884 1099 920 1164 et
949 1092 1129 1166 neminem
1159 1113 1316 1188 unquam

224 1219 455 1271 ascensurum
473 1217 561 1267 esse.
1259 1207 1263 1216 ·

229 1347 233 1354 -
327 1299 376 1371 Et
402 1297 495 1370 dixit
525 1297 570 1369 ad
602 1319 706 1372 eum:
741 1296 887 1369 anum
914 1297 1014 1372 ullo
1042 1299 1175 1372 modo
1201 1299 1316 1374 fieri

225 1407 398 1498 potest,
424 1407 474 1472 ut
511 1400 644 1472 homo
685 1422 829 1472 senex
869 1399 1019 1476 denuo
1046 1402 1094 1476 in
1132 1408 1317 1476 uterum

224 1503 393 1576 matris
435 1525 544 1575 suae
571 1502 734 1594 intret,
763 1508 807 1574 et
834 1502 984 1580 denuo
1010 1505 1057 1577 in
1095 1505 1245 1580 lucem
1280 1527 1317 1576 e-

222 1605 392 1680 datur?
437 1605 485 1678 llt
515 1605 662 1702 insuper
690 1611 817 1678 uterus
847 1606 984 1700 matris,
1016 1631 1098 1680 eum
1132 1608 1316 1704 pariendo,

216 1711 326 1804 juxta
342 1709 458 1803 legem
478 1707 681 1783 immundus
698 1707 812 1780 sactus
831 1713 896 1799 cst,
911 1716 951 1781 ut
969 1715 1005 1780 et
1021 1709 1116 1788 filius
1133 1713 1177 1784 ab
1192 1734 1233 1786 eo
1244 1709 1318 1782 edi-

220 1819 289 1884 tus.
308 1813 359 1885 At
376 1810 552 1882 Dominus
570 1810 608 1881 in
634 1811 700 1884 hac
721 1809 927 1883 infirmitate
954 1835 1036 1885 enm
1062 1837 1134 1885 non
1159 1813 1317 1909 reliquit,

223 1915 287 1988 sed
307 1913 463 1986 lucidam
481 1911 677 1986 doctrinam
693 1912 705 1958 ¹
725 1913 759 1984 ei
777 1912 876 1986 dedit
906 1914 1050 1988 dicens:
1077 1915 1185 1988 Nisi
1211 1916 1318 2012 quis

222 2024 365 2090 natus
405 2015 557 2088 fuerit
584 2039 637 2088 ex
665 2038 785 2111 aqua
819 2024 863 2087 et
902 2017 1105 2113 Spiritu,
1131 2042 1220 2090 non
1245 2041 1317 2114 po·

221 2125 323 2192 ¹test
349 2118 557 2192 introire
584 2118 631 2190 in
653 2141 847 2213 regnum
874 2119 1005 2196 Deis.
1025 2121 1095 2210 Qui
1113 2121 1316 2215 intelligere

221 2223 346 2316 voluit,
365 2245 411 2293 ex
429 2222 486 2294 his
505 2222 625 2294 verbis
645 2221 713 2296 sibi
731 2221 937 2318 propositis,
950 2230 986 2294 et
1004 2247 1048 2296 ex
1066 2225 1132 2296 hoc
1151 2223 1317 2319 exemplo

222 2327 394 2422 ‚colligere
412 2325 541 2421 potuit,
555 2346 696 2397 carnem
715 2323 878 2419 indigere
896 2326 1122 2400 immersione
1144 2350 1317 2422 aquarum

222 2450 303 2500 curn
320 2427 636 2502 communicatione
660 2423 815 2523 Spiritus
829 2427 856 2500 2.
876 2427 966 2516 Qui
992 2436 1132 2503 natus
1163 2435 1235 2502 est
1262 2451 1317 2504 ex

223 2554 376 2623 carne,
404 2553 511 2602 caro
539 2536 623 2623 est,
651 2538 696 2602 et
731 2531 810 2624 qui
850 2539 991 2604 natus
1031 2540 1186 2606 estex
1226 2531 1318 2628 spi-

224 2634 337 2728 ritu,
365 2633 572 2728 spiritus
600 2639 673 2705 cst
690 2671 717 2706 a.
737 2632 830 2722 Quia
847 2634 884 2706 in
910 2635 980 2707 fide
999 2658 1081 2710 eum
1106 2636 1318 2726 instruebat,

223 2737 312 2809 dicit
328 2735 552 2808 nativitatem
571 2736 688 2808 carnis
706 2759 785 2808 esse
803 2737 993 2832 visibilem,
1013 2739 1236 2812 nativitatem
1256 2760 1319 2809 au·

221 2847 295 2911 tem
313 2839 482 2936 baptismi
508 2839 672 2935 spiritum
690 2837 712 2910 i.
732 2862 762 2910 e.
781 2839 1021 2914 invisibilem:
1052 2864 1067 2898 α
1089 2843 1128 2916 Si
1151 2839 1318 2914 habueri·

221 2942 268 3014 tis
289 2943 405 3036 fidem,
425 2943 485 3035 ait,
512 2949 553 3014 ut
579 2965 730 3038 granum
759 2941 904 3037 sinapis,
924 2943 1089 3016 dixeritis
1114 2945 1197 3018 huic
1218 2965 1318 3014 mon-

221 3046 273 3118 ti:
292 3046 530 3138 Transfertur,
549 3052 584 3116 et
601 3043 836 3116 transferetur
853 3083 868 3117 a
886 3043 912 3116 ³.
930 3048 978 3118 Et
995 3070 1142 3120 rursus:
1164 3069 1179 3104 v
1197 3045 1318 3132 Quod·

219 3171 362 3244 ‚cunque
393 3149 429 3220 in
448 3148 667 3220 orationibus
684 3147 815 3220 vestris
833 3147 871 3218 in
889 3147 958 3220 fide
985 3149 1162 3245 petieritis
1180 3172 1202 3220 a
1228 3146 1318 3242 Deo,

119 3279 122 3282 ·
215 3251 467 3352 Q&
485 3249 510 3322 ²⁸.
530 3250 633 3338 Quod
651 3272 731 3322 oum
758 3255 841 3322 ante
860 3251 981 3325 oculos
1012 3275 1135 3324 eorum
1161 3249 1318 3349 positum

218 3361 330 3449 esset,
352 3355 397 3428 ad
415 3377 496 3426 eum
515 3353 705 3426 dixerunt:
727 3353 913 3448 “Adauge
931 3355 1033 3429 nobis
1056 3354 1162 3428 fidem
1180 3394 1195 3429 a
1213 3352 1239 3427 ³.

220 3521 223 3528 .
330 3459 486 3554 Serpens
504 3457 683 3530 Adamum
702 3455 739 3526 in
764 3456 868 3530 horto
895 3459 1099 3555 percutiens
1126 3456 1255 3530 occidit
1281 3464 1319 3530 ct

221 3561 408 3634 israelitas
440 3561 478 3632 in
509 3559 635 3632 castris
665 3557 833 3655 perdidit.
863 3559 921 3633 nt
961 3563 1089 3634 sicut
1123 3559 1318 3656 Moyses

223 3663 465 3738 exaltavit
492 3670 768 3757 serpentem
795 3662 843 3734 in
869 3664 1074 3758 deserto,
1093 3663 1161 3735 ita
1188 3661 1317 3735 exal·

219 3769 319 3841 tari
344 3773 537 3864 oportet
575 3764 735 3839 filium
769 3765 986 3861 hominis,
1013 3769 1098 3862 quia
1128 3765 1220 3839 sicut
1250 3787 1317 3860 per

220 3869 313 3944 illud
341 3869 580 3964 simulacrum,
599 3869 694 3966 quod
711 3868 858 3965 Moyses
887 3871 983 3946 cruci
1008 3871 1135 3966 affixit,
1152 3891 1318 3967 corpora·

305 4105 332 4160 1.
354 4105 404 4162 Ita
418 4103 448 4162 in
463 4102 531 4163 cod.
546 4105 581 4162 B.
594 4104 632 4161 In
647 4101 713 4161 cod.
728 4103 756 4161 Α
770 4101 849 4160 falso
867 4116 881 4150 ιι
896 4102 1102 4163 infirmitatem
1115 4132 1143 4166 s·
1209 4125 1211 4130 ’

173 4198 182 4204 ·
303 4183 332 4238 2.
355 4182 513 4241 Sententia
527 4199 568 4240 ex
583 4181 650 4242 cod.
664 4181 689 4239 B
705 4181 855 4242 correcta.

305 4261 580 4335 3.an.17,19.
654 4273 656 4276 '

304 4341 333 4396 4.
353 4339 452 4397 illurn.
469 4340 517 4408 21,
532 4340 579 4396 22.

199 4459 227 4473 ..
306 4417 537 4488 amaras.
