3218 5024
343 457 523 550 appareat,
541 451 630 526 nihil
649 453 757 548 aliud,
779 465 883 550 quarn
913 453 1007 549 quod
1033 453 1142 528 ritem
1161 453 1334 529 libertatis
1353 479 1427 530 ma-

343 557 448 652 culet,
467 583 545 630 esse
566 559 787 630 immundum
803 559 826 630 ¹.
1021 574 1027 582 ’

296 669 305 684 ’
447 661 565 750 Quare
584 663 675 734 dixit
692 662 888 736 Dominus:
916 661 1029 750 Quis
1056 685 1120 734 me
1147 663 1347 758 tetigit?
1374 664 1427 736 Ut

347 786 496 860 eaquae
525 766 743 838 sanationem
769 791 869 838 suam
888 767 1031 862 sciebat,
1057 791 1128 838 non
1144 767 1336 862 ignoraret,
1354 767 1426 838 Do·

341 869 437 940 mino
455 870 561 942 fidem
578 869 690 965 ipsius
704 877 824 941 notam
841 870 960 942 luisse.
974 872 1072 966 Ergo
1086 894 1131 942 ex
1144 877 1354 966 recuperata
1371 894 1425 944 sa·

340 970 414 1044 lute
434 974 610 1069 cognovit,
628 987 709 1046 eum
727 997 805 1046 esse
824 974 979 1046 omniurn
1001 972 1175 1047 medicum
1192 981 1292 1047 etex
1317 975 1426 1047 inter-

339 1078 523 1172 rogatione
543 1079 618 1174 ejus
636 1078 819 1173 comperit,
847 1097 927 1149 eum
955 1079 1232 1150 examinatorem
1256 1101 1333 1150 esse
1351 1101 1424 1150 om-

337 1179 445 1252 nium.
463 1179 553 1252 Cum
567 1181 725 1275 vidisset,
738 1189 778 1254 ut
792 1183 842 1253 ait
860 1181 1053 1278 Scriptura,
1066 1183 1133 1254 hoo
1146 1204 1285 1278 quoque
1300 1181 1332 1255 ei
1345 1185 1424 1256 abs-

337 1284 519 1356 conditum
544 1307 615 1357 non
642 1309 731 1379 esse,
757 1285 840 1358 inde
866 1285 984 1382 opinio
1015 1286 1053 1357 in
1080 1309 1122 1358 ea
1147 1293 1225 1359 orta
1251 1293 1316 1379 est,
1342 1309 1424 1360 eum

339 1387 588 1460 nihilomnino
613 1388 736 1462 latere.
764 1389 851 1471 Ideo
868 1389 1041 1462 Dominus
1051 1390 1092 1496 pi
1110 1388 1275 1483 ostendit,
1300 1413 1427 1464 revera

337 1491 428 1563 nihil
447 1493 515 1565 sibi
532 1497 610 1564 esse
628 1494 882 1586 absconditum,
909 1516 954 1564 ne
981 1495 1120 1590 abipso
1139 1493 1286 1589 decepta
1311 1494 1423 1576 disce,-

338 1594 449 1668 deret.
468 1596 586 1683 Quum
602 1597 722 1693 itaque
740 1597 933 1691 didicisset,
960 1595 1142 1670 Christum
1160 1596 1284 1692 plagas
1302 1598 1424 1671 visibi-

338 1696 391 1771 les
407 1721 544 1793 sanare,
559 1700 664 1773 simul
677 1701 868 1794 intellexit,
883 1725 964 1772 eum
978 1725 1098 1774 rerum
1111 1700 1328 1773 occultarum
1342 1723 1424 1773 con·

339 1803 452 1874 scium
468 1827 556 1876 esse.
577 1805 647 1893 Qui
664 1805 822 1902 corporis
836 1805 961 1902 plagas
981 1812 1082 1877 sanat
1095 1811 1131 1876 et
1143 1806 1271 1876 mentis
1286 1813 1423 1878 secreta

336 1913 523 1998 scrutatur,
549 1909 644 1980 hunc
670 1909 827 2007 eorporis
855 1916 890 1980 et
916 1909 1044 1980 mentis
1071 1908 1204 2003 pariter
1230 1907 1423 1981 Dominum

336 2031 416 2082 esse
433 2012 593 2084 credidit.
609 2013 845 2109 Quapropter,
863 2019 1043 2108 tamquam
1060 2012 1234 2084 Dominus
1253 2014 1422 2108 corporis,

336 2125 464 2211 corpus
479 2140 558 2188 curn
571 2117 796 2212 passionibus
811 2117 885 2213 ejus
899 2116 1046 2209 domuit,
1061 2122 1106 2209 et,
1119 2123 1299 2210 tamquam
1307 2117 1423 2212 judex

334 2219 474 2313 mentis,
492 2229 648 2292 mentem
667 2244 746 2292 eum
764 2219 1035 2316 cogitationibus
1055 2219 1131 2314 ejus
1149 2219 1186 2290 in
1204 2219 1319 2292 lucem
1338 2244 1420 2316 pro-

334 2319 446 2394 duxit.
457 2325 604 2419 Absque
615 2323 720 2397 dubio
734 2323 821 2396 haec
835 2323 962 2396 mulier
975 2322 1104 2395 exhinc
1121 2323 1250 2416 timuit,
1263 2347 1308 2394 ne
1323 2347 1421 2396 man·

331 2423 453 2497 datum
481 2429 557 2524 ejus
584 2419 658 2499 ullo
685 2449 792 2523 opere
819 2426 1140 2522 transgrederetur,
1158 2427 1242 2522 quia
1259 2426 1420 2522 credidit,

332 2550 370 2598 se
399 2553 539 2626 semper
565 2531 721 2627 conspioi
748 2534 792 2604 ab
811 2550 852 2602 eo
870 2531 931 2626 qui
959 2531 1069 2602 semel
1086 2553 1164 2601 eam
1181 2529 1282 2622 vidit,
1309 2539 1418 2627 quum

331 2638 427 2704 retro
442 2634 616 2707 fimbriam
625 2635 829 2707 vestimenti
843 2635 919 2729 ejus
928 2641 1095 2729 tangeret
1104 2659 1112 2728 3
1122 2633 1279 2728 haecque
1289 2635 1419 2730 oppido

330 2739 531 2832 verebatur,
550 2762 594 2811 ne
613 2739 651 2810 in
667 2739 826 2811 loturum
844 2738 902 2812 vel
918 2738 1082 2832 cogitatis
1100 2744 1275 2834 peccaret,
1289 2737 1415 2831 sciens,

331 2839 468 2914 nullam
486 2865 561 2916 rem
580 2865 658 2915 esse
675 2841 849 2916 occultam
864 2843 900 2913 ei
918 2841 979 2937 qui
996 2847 1244 2938 argumentum
1262 2842 1296 2913 ei
1312 2864 1415 2936 prae-

328 2942 430 3039 stitit,
445 2945 653 3042 hujusmodi
670 2969 728 3018 res
745 2947 863 3042 ipsum
881 2969 953 3018 non
970 2944 1093 3018 latere.

432 3049 471 3122 Si
489 3049 625 3122 mulier'
636 3057 768 3122 sanata
784 3049 891 3122 tacite
918 3053 961 3123 ab
981 3072 1022 3122 eo
1040 3047 1272 3141 discessisset,
1291 3047 1414 3120 Domi-

326 3173 394 3224 nus
414 3175 542 3226 oorona
558 3153 719 3226 heroicae
737 3152 880 3227 virtutis
895 3174 972 3225 eam
987 3153 1181 3248 privasset,
1201 3152 1288 3224 fides
1307 3152 1412 3247 enim,

327 3277 418 3348 quae
435 3256 473 3328 in
490 3257 694 3330 abscondito
712 3256 778 3330 hoc
795 3255 890 3330 bello
907 3256 1046 3330 fortiter
1064 3257 1256 3352 pugnabat,
1283 3255 1321 3327 in
1339 3279 1413 3328 ma-

326 3357 454 3431 nifesto
473 3362 672 3432 coronanda
697 3368 783 3433 erat.
811 3361 1008 3454 Propterea
1029 3367 1134 3455 caput
1151 3361 1228 3456 ejus
1246 3359 1415 3432 rationali

326 3481 456 3535 corona
473 3464 652 3537 redimivit
682 3464 802 3536 dicens
817 3489 824 3536 :
842 3463 970 3536 Vade
996 3463 1043 3536 in
1068 3485 1201 3558 pace,
1223 3488 1296 3559 pax
1315 3464 1409 3536 enim

323 3565 493 3640 victoriae
524 3569 599 3664 ejus
622 3591 751 3640 corona
776 3575 863 3640 erat.
891 3566 962 3639 Sed
989 3574 1029 3639 ut
1052 3566 1278 3640 manifestum
1296 3567 1408 3662 fieret,

321 3670 400 3764 quis
418 3672 465 3744 sit
483 3679 604 3744 au'ctor
621 3672 726 3769 hujus
747 3694 907 3764 coronae,
932 3678 1119 3770 postquam
1137 3670 1247 3744 dixit:
1278 3663 1409 3744 «Vade
1476 3685 1478 3690 ’

321 3771 359 3846 in
376 3799 495 3873 paces
516 3799 587 3848 non
605 3775 724 3870 tacuit,
744 3775 806 3848 sed
824 3775 970 3874 adjecit:
989 3775 1131 3848 Fides
1152 3780 1231 3848 tua
1252 3782 1296 3848 te
1318 3775 1406 3849 sal-

402 4044 429 4098 1.
450 4041 563 4100 Sensus
576 4040 626 4098 hio
640 4044 709 4098 esse
721 4037 862 4097 videtur:
882 4038 913 4096 Si
925 4057 976 4096 res
988 4038 1032 4098 sio
1047 4037 1147 4098 dietae
1161 4035 1293 4095 mundae
1307 4041 1339 4094 et
1352 4036 1406 4093 im·

319 4119 461 4192 mundae,
476 4137 502 4178 e.
517 4137 546 4196 g.
560 4120 638 4195 ignis
654 4126 685 4177 et
698 4135 748 4176 res
762 4119 911 4194 quaedam
924 4117 1077 4176 immunda
1087 4119 1171 4194 prius
1186 4115 1284 4191 spatio
1298 4115 1404 4191 paulu·

320 4198 383 4256 lum
405 4199 519 4257 distant
539 4204 571 4256 et
584 4198 676 4256 flante
697 4213 773 4256 aura
795 4198 1039 4270 commiscentur,
1062 4215 1112 4256 res
1137 4193 1249 4254 munda
1268 4212 1337 4252 oum
1351 4193 1404 4252 im·

321 4277 434 4336 munda
454 4278 541 4356 quasi
554 4297 617 4336 una
629 4295 679 4336 res
694 4275 835 4347 efficitur,
856 4295 896 4335 ex
910 4294 969 4353 quo
985 4276 1192 4352 consequitur,
1216 4271 1403 4332 immundum

318 4375 380 4416 non
401 4373 441 4416 ex
461 4361 571 4416 natura
589 4373 703 4431 rerum,
719 4355 774 4414 sed
794 4373 835 4414 ex
847 4356 991 4416 libertate
1005 4356 1134 4417 hominis
1149 4352 1295 4429 originem
1310 4350 1403 4412 dedu·

322 4451 411 4496 cere.¹
