3218 5024
1233 309 1278 380 87
1303 315 1305 318 ’

197 440 281 515 huic
300 438 440 536 corpori
457 439 569 514 multa
587 447 670 514 sunt
695 388 864 533 membra,
884 445 919 512 et
938 440 1088 537 singulis
1114 440 1281 516 membris

199 547 363 642 propriae
383 568 467 618 suae
484 547 617 618 formae
633 553 669 617 et
682 545 934 640 unusquisque,
953 553 1059 642 prout
1075 550 1202 641 potest,
1220 569 1281 617 au-

199 651 262 743 dit,
281 656 318 721 et
332 649 427 740 siout
444 649 477 720 ei
495 649 616 722 datum
634 656 699 743 est,
716 647 768 720 ita
785 647 1050 745 interpretatur.
1067 651 1192 745 Itaque
1209 673 1282 722 una

199 753 328 826 mulier
345 759 427 824 ante
441 760 666 850 conspectum
681 753 756 850 ejus
770 751 878 844 venit,
896 760 932 824 11
946 753 1084 826 sanavit
1100 775 1178 826 eam
1191 777 1282 849 quae

200 863 347 930 venerat
361 863 443 931 ante
469 865 692 953 conspectum
720 855 924 948 multorum,
949 857 1011 952 qui
1036 879 1112 928 eam
1139 880 1209 929 non
1227 881 1282 929 sa·

198 967 341 1054 nerunt,
355 961 393 1033 id
408 967 472 1054 est,
495 983 640 1058 operam
657 961 694 1033 iu
707 984 750 1033 ea
766 960 972 1056 perdebant.
986 960 1100 1053 Unus,
1119 961 1217 1058 cujus
1231 961 1282 1033 fa-

201 1065 275 1136 cies
302 1088 430 1138 aversa
457 1073 544 1158 erat,
572 1089 649 1138 eam
676 1063 825 1153 sanavit,
852 1059 892 1134 ut
917 1070 1152 1160 arguerentur
1179 1064 1204 1134 ii
1221 1065 1283 1160 qui

201 1192 334 1262 magna
351 1168 536 1264 diligentia
553 1169 597 1241 ad
616 1192 693 1241 eam
722 1191 760 1240 se
785 1173 1035 1241 converterunt
1052 1176 1087 1238 et
1104 1190 1182 1239 eam
1211 1189 1283 1240 non

205 1278 384 1344 sanarunt.
410 1273 557 1346 Infirma
574 1271 653 1365 Dei,
680 1272 740 1366 ait,
766 1271 913 1344 fortiora
938 1277 1021 1344 sunt
1046 1270 1282 1344 hominibus¹.

201 1377 274 1448 sed
303 1376 464 1472 quamvis
490 1376 647 1449 exterior
664 1375 807 1448 Domini
832 1375 940 1447 facies
957 1375 994 1446 in
1011 1398 1118 1446 unam
1143 1380 1284 1448 tantum

200 1484 341 1576 partem
366 1487 528 1575 spectare
545 1487 677 1576 posset,
704 1481 780 1577 ejus
805 1486 924 1552 tamen
950 1478 1097 1553 interior
1117 1477 1283 1552 divinitas

198 1589 274 1654 tota
292 1589 327 1654 11
345 1582 475 1679 ubique
495 1583 616 1657 oculus
635 1589 722 1676 erat,
741 1582 824 1679 quia
837 1583 882 1654 ad
895 1605 1017 1655 omnes
1033 1591 1153 1680 partes
1171 1583 1283 1679 respi-

200 1686 326 1760 ciebat
444 1694 447 1698 ’

302 1789 524 1864 Ῥ1111111111
537 1789 814 1887 perniciosumin
826 1795 950 1861 ventre
963 1788 1123 1863 mulieris
1142 1789 1285 1863 siccavit

200 1900 239 1964 et
256 1892 389 1966 flumen
401 1893 673 1992 praedicationis
686 1898 915 1989 recuperatae
930 1892 1056 1982 salutis
1074 1894 1111 1966 in
1128 1915 1189 1968 ore
1207 1894 1284 1990 ejus

205 1997 356 2092 aperuit.
375 1996 509 2093 Tetigit
525 1996 589 2070 illa
606 1996 827 2070 divinitatem
845 1996 932 2092 ejus,
959 2004 995 2070 et
1020 2000 1065 2071 ab
1083 2021 1126 2072 ea
1151 1997 1286 2094 recepit

204 2099 404 2175 sanitatem.
432 2099 542 2174 Petra
559 2101 596 2173 in
613 2101 754 2174 deserto
780 2123 890 2196 aquas
916 2101 1172 2175 sanctificantes
1189 2124 1285 2174 erna-

208 2203 318 2297 navit,
332 2205 460 2301 quibus
479 2205 662 2278 duodecim
679 2203 842 2277 tribubus
859 2197 982 2299 populi
999 2213 1120 2302 potum
1138 2207 1285 2302 praebe-

203 2308 276 2401 bat,
303 2307 373 2380 ista
398 2317 516 2382 autem
544 2306 751 2404 sanguinem
779 2307 1076 2381 contaminantem
1101 2308 1285 2382 duodecim

205 2435 271 2506 per
289 2435 399 2485 annos
417 2413 545 2505 emisit,
563 2435 632 2508 quo
649 2411 766 2484 omnia
792 2410 848 2484 sui
865 2412 1022 2506 corporis
1039 2413 1197 2486 membra
1212 2411 1284 2486 foe-

205 2515 322 2590 dabat.
351 2516 462 2590 Petra
478 2515 602 2590 baculo
620 2513 767 2610 Moysis,
786 2514 887 2612 signo
901 2514 1140 2589 Vivilicatoris
1161 2516 1286 2609 nostri,

205 2619 445 2714 scindebatur,
473 2627 509 2692 11
535 2617 718 2714 sanguinis
735 2618 947 2714 profluvium
966 2642 1030 2716 per
1053 2619 1207 2694 fimbrias
1224 2643 1286 2694 11-

206 2723 365 2798 11111111
383 2722 514 2796 Medici
531 2722 645 2796 nostri
663 2722 831 2794 siccatum
849 2729 922 2817 est3
950 2719 1049 2796 illam
1071 2723 1202 2822 quippe
1220 2724 1285 2796 du-

206 2849 284 2900 ram
301 2827 379 2900 fidit
394 2827 541 2902 baculus
559 2827 669 2899 durus
687 2826 753 2899 hoc
771 2827 1018 2900 1111111111111
1036 2827 1154 2900 mollis
1171 2827 1286 2901 exsic-

207 2932 312 3006 cavit.
330 2933 503 3006 Attamen
516 2930 601 3004 licet
625 2928 772 3004 baculus
792 2928 1044 3027 aspicientibus
1061 2931 1171 3004 durus
1187 2930 1285 3005 vide-

205 3043 316 3130 retur,
329 3035 510 3108 humilitas
520 3033 634 3107 crucis
645 3032 678 3104 ci
690 3033 866 3129 impressa
878 3040 965 3128 erat,
980 3041 1015 3106 11
1025 3033 1285 3127 vestimentum,

206 3139 276 3212 1111
293 3138 462 3213 exteriori
480 3138 595 3236 specie
613 3135 720 3209 molle
739 3143 937 3234 appareret,
959 3138 1073 3211 virtus
1091 3144 1210 3210 tamen
1225 3161 1287 3211 va·

204 3241 280 3316 lida
305 3245 349 3318 ab
368 3267 410 3316 1ο
427 3242 557 3316 exivit..
575 3240 753 3314 Mirabilis
781 3246 835 3313 est
860 3241 948 3314 haeo
974 3242 1110 3315 sanatio
1120 3239 1146 3314 ².
1173 3242 1287 3316 Ante-

205 3370 314 3443 quam
333 3370 454 3420 111111
472 3370 611 3419 emanu
628 3343 764 3418 Christi
781 3344 972 3439 excideret,
985 3353 1093 3440 terra,
1108 3344 1165 3418 cui
1179 3345 1287 3421 desti·

205 3454 370 3546 nabetur,
389 3450 525 3523 semina
537 3448 759 3524 abundanter
771 3449 847 3546 jam
861 3455 1061 3546 acceperat;
1081 3457 1117 3522 et
1136 3450 1220 3522 dum
1235 3473 1289 3522 se·
1317 3544 1319 3548 ι

204 3579 289 3628 men
306 3555 487 3630 inhorreo
504 3552 647 3628 Domini
660 3552 775 3625 adhuc
792 3552 1014 3646 retineretur,
1032 3553 1078 3626 ad
1090 3561 1233 3648 terram,
1251 3553 1289 3626 in

204 3683 278 3754 qua
296 3659 539 3732 seminandum
561 3665 649 3750 erat,
674 3656 869 3750 festinavit,
895 3663 935 3728 ut
953 3679 998 3728 ex
1016 3679 1059 3729 ea
1075 3681 1220 3731 usuram
1239 3657 1289 3729 af-

289 3939 316 3996 1.
337 3937 438 3997 IOoa.
461 3943 474 3998 l
502 3940 551 3997 25.

287 4017 315 4073 2.
335 4014 469 4094 Propter
480 3983 647 4076 ’amborum
671 4013 808 4074 codicum
824 4014 1048 4088 auctoritatem,
1069 4015 1120 4090 qui
1134 4013 1291 4091 interpun-

208 4093 375 4154 otationem
384 4099 489 4154 textus
500 4094 643 4172 impressi
652 4091 776 4166 habent,
786 4097 817 4151 11
828 4093 897 4170 qnia
907 4110 1073 4170 pronomen
1082 4123 1135 4170 aaa
1145 4094 1175 4152 in
1183 4093 1291 4153 eodem

209 4189 305 4232 sensu
318 4193 391 4234 mox
405 4175 554 4252 sequitur,
567 4174 643 4232 haec
657 4172 753 4231 verba
766 4171 810 4230 ita
823 4171 974 4230 transtuli.
995 4171 1108 4232 Sensus
1123 4175 1187 4233 est:
1201 4173 1291 4230 Mira·

207 4252 280 4312 bilis
300 4253 358 4312 fuit
376 4255 453 4314 haec
474 4252 601 4326 sanatio,
624 4250 705 4328 quia,
728 4252 890 4328 antequam
915 4253 1061 4312 verbum:
1091 4252 1209 4312 “Fides
1235 4255 1288 4309 tua

209 4341 241 4394 te
257 4335 374 4394 salvam
388 4331 487 4396 fecit„
505 4351 545 4390 ex
559 4348 613 4390 ora
627 4329 741 4390 Christi
755 4331 900 4406 venisset,
915 4331 1087 4391 virtualiter
1103 4334 1168 4410 jam
1188 4349 1290 4408 egres·

211 4431 282 4474 sum
296 4413 461 4472 sanitatem
475 4411 634 4490 operatum
649 4412 706 4468 est.
