3280 5028
347 339 417 412 208

349 471 424 568 ejus
451 469 551 566 pueri
582 469 785 542 innocentes
812 491 959 542 coronae
988 465 1161 564 passionis
1189 465 1264 561 ejus
1300 465 1424 538 inserti

349 573 580 646 sunt-Infans
596 572 747 645 Ioannes
765 573 803 644 in
818 580 919 645 utero
936 571 1061 644 matris
1079 578 1160 642 ante
1178 593 1259 642 1111
1285 571 1423 645 exulta-

349 677 412 768 vit,
431 684 467 748 et
491 676 696 748 1111111111
721 675 904 749 nativitate
932 677 1008 772 ejus
1033 674 1140 746 occisi
1157 680 1193 745 et
1210 675 1311 769 quasi
1332 697 1423 748 uvae

347 781 498 854 convivii
524 781 600 876 ejus
617 781 786 877 nuptialis
812 781 895 852 facti
922 787 1014 853 sunt.
1032 779 1168 851 Iterum
1193 778 1296 873 pueri
1318 778 1352 848 ei
1369 801 1425 850 ac-

347 884 546 958 clamabant
563 883 852 977 benedictionem,
866 908 974 979 quum
991 881 1035 954 ad
1050 888 1190 978 tempus
1207 881 1325 954 natale
1340 905 1424 954 suae

347 989 470 1061 mortis
487 987 708 1086 pervenisset
723 987 746 1059 ¹.
766 987 984 1062 Conturbata
999 992 1054 1058 est
1070 987 1155 1058 urbs
1171 983 1368 1058 Ierusalem
1385 985 1423 1058 11

346 1092 530 1166 nativitate
558 1091 644 1188 ejus,
666 1099 705 1162 11
730 1097 767 1162 11
791 1093 931 1163 turbata
957 1096 993 1161 et
1017 1089 1160 1162 anxiata
1186 1093 1241 1160 est
1264 1089 1328 1160 illo
1354 1088 1423 1182 die,

348 1219 418 1292 quo
437 1197 563 1281 ineam
581 1195 735 1267 intravit.
754 1193 871 1286 Quum
887 1193 1030 1268 Scribae
1043 1192 1214 1264 clamores
1231 1216 1423 1296 puerorum

351 1299 533 1372 audissent
559 1307 594 1370 et
623 1321 730 1394 aegre
759 1299 913 1372 serentes
944 1298 978 1369 ei
1007 1295 1206 1368 dixissent:
1225 1296 1428 1392 Increpa

313 1403 573 1498 bomines,
610 1409 659 1474 ut
684 1401 868 1475 omnino
909 1407 1114 1492 taceant,
1154 1397 1428 1496 respondit:
1489 1481 1499 1500 Ι

337 1506 435 1591 ,usi
460 1507 545 1579 isti
582 1507 819 1596 tacebunt,
846 1513 999 1578 tamen
1036 1503 1226 1601 lapides
1265 1503 1428 1576 clama·¹

352 1613 466 1683 bunt
479 1646 507 1684 a.
532 1609 594 1684 Illi
618 1609 727 1704 igitur
753 1609 1008 1705 praetulerunt,
1029 1614 1069 1679 nt
1094 1607 1196 1704 pueri
1224 1608 1428 1707 clamarent²

290 1722 292 1726 '
353 1737 424 1786 non
441 1713 589 1809 lapides,
606 1734 651 1785 ne
667 1713 758 1811 forte
785 1711 957 1786 clamante
973 1718 1102 1784 natura
1125 1710 1284 1808 lapidum
1304 1713 1428 1784 obcaess

354 1817 425 1889 cati
441 1817 698 1914 resipiscerent.
715 1819 971 1890 Verumtamen
987 1815 1044 1888 hic
1061 1815 1193 1892 clamor
1209 1815 1367 1912 lapidum
1384 1817 1429 1890 ad

356 1921 507 1992 eundem
528 1921 633 1993 finem
651 1919 802 2017 tempori
819 1919 1056 1994 crucifixionis
1075 1921 1150 2016 ejus
1171 1921 1430 2015 reservabatur,

352 2048 423 2120 quo
442 2025 637 2098 tacentibus
654 2023 795 2121 loquela
811 2024 981 2121 praeditis
998 2046 1055 2096 res
1073 2029 1191 2095 mutae
1217 2023 1430 2119 magnitudi-

354 2152 435 2200 nem
454 2129 598 2201 Domini
614 2128 874 2224 praedicarunt.

456 2233 586 2305 Nunc
623 2231 961 2328 judiciumest
1005 2229 1182 2324 mundi,
1225 2253 1342 2304 nunc
1385 2241 1432 2306 et

357 2337 581 2432 princeps
606 2336 744 2432 hujus
772 2335 928 2409 mundi
954 2334 1151 2430 ejicitur
1172 2335 1430 2432 1111111111.

359 2443 416 2528 12,
432 2441 502 2534 31).
528 2440 610 2512 Nou
637 2439 801 2537 princeps
835 2463 955 2512 rerum
989 2445 1186 2512 creatarum
1211 2444 1248 2509 et
1275 2439 1431 2514 omnium

355 2543 547 2636 hominum,
566 2543 627 2614 sed
645 2543 809 2640 princeps
826 2543 948 2615 mundi
964 2549 1118 2616 vocatur.
1138 2541 1230 2630 Quia
1250 2542 1345 2616 foras
1370 2543 1432 2640 eji-

356 2644 458 2740 citur,
475 2653 584 2743 patet,
602 2647 695 2741 quod
719 2671 790 2718 non
816 2655 871 2719 111
897 2647 1093 2720 substantia
1117 2652 1262 2718 aeterna
1279 2653 1315 2718 et
1340 2645 1435 2745 quod

357 2755 532 2846 potestate
550 2755 655 2822 caret.
669 2749 850 2838 Quomodo
871 2751 964 2823 foras
975 2751 1106 2848 ejectus
1124 2750 1181 2842 sit,
1194 2750 1346 2823 loannes
1371 2774 1433 2823 11-

357 2855 488 2952 plicat:
512 2853 647 2947 sEcce,
665 2853 725 2948 ait,
742 2877 855 2949 agnus
872 2853 951 2948 Dei,
970 2855 1031 2950 qui
1055 2853 1150 2926 tollit
1166 2861 1309 2950 peccata
1333 2877 1433 2926 1111-

357 2958 394 3031 di
412 2997 426 3032 a
443 2957 468 3030 ².
487 2957 662 3054 Princeps
679 2964 797 3030 autern
813 2964 968 3050 vocatur,
988 2957 1041 3030 uti
1066 2957 1217 3029 dicitur:
1238 2980 1254 3015 a
1269 2956 1330 3030 Dii
1347 2979 1432 3053 gen-

357 3062 447 3135 tium
472 3085 544 3134 non
569 3069 652 3134 sunt
669 3061 720 3134 dii
736 3101 751 3136 a
765 3059 794 3154 ³,
812 3069 870 3133 et:
891 3063 1005 3134 “Non
1031 3068 1085 3134 est
1106 3061 1207 3132 robis
1233 3055 1434 3134 colluctatio

360 3174 395 3238 et
412 3189 533 3262 pugna
549 3187 628 3238 oum
645 3187 748 3238 carne
768 3172 803 3236 et
821 3163 1003 3260 sanguine,
1022 3165 1085 3238 sed
1104 3187 1183 3237 oum
1200 3164 1434 3262 potestatibus

360 3277 490 3342 etcum
509 3269 763 3367 principatibus
790 3276 825 3341 11
843 3293 922 3342 cum
939 3267 1213 3342 dominatoribus
1240 3276 1355 3343 terrae
1382 3274 1435 3340 te-

361 3375 552 3447 nebrarum
580 3374 718 3467 harum,
736 3371 797 3470 qui
815 3379 897 3445 sunt
923 3375 988 3446 sub
1006 3371 1103 3446 coelo
1119 3411 1134 3446 a
1150 3369 1185 3466 ἂς
1202 3378 1295 3443 1111
1325 3370 1434 3444 dicit:

364 3499 380 3534 a
399 3476 556 3566 Quorum
588 3483 741 3548 mentem
760 3476 846 3548 deus
870 3476 976 3572 hujus
1005 3475 1129 3549 mundi
1159 3475 1370 3569 obcaecavit,
1390 3497 1437 3546 ne

360 3580 548 3654 crederent
566 3621 580 3654 a
597 3578 622 3652 ⁵.
640 3579 775 3652 Eodem
795 3602 900 3652 sensu
918 3579 1068 3654 dicitur:
1090 3579 1292 3676 “Princeps
1314 3577 1437 3654 mundi

361 3685 500 3782 ejicitur
517 3685 611 3758 foras
628 3723 656 3759 a.
673 3684 719 3756 ln
736 3683 805 3756 alio
819 3705 957 3780 quoque
973 3683 1050 3757 loco
1068 3679 1201 3756 dictum
1218 3688 1290 3756 est:
1311 3705 1326 3740 u
1343 3681 1438 3770 Quo·-

442 3966 469 4020 1.
490 3963 539 4020 Ad
552 3965 698 4022 verbum:
714 3965 813 4034 Quum
827 3963 866 4022 ad
878 3966 997 4040 tempus
1018 3961 1187 4022 nativitatis
1211 3975 1286 4018 suae
1312 3955 1439 4016 occisio-

363 4041 426 4119 nis.
441 4043 641 4116 pervenisset·
668 4045 820 4104 Nativitas
856 4043 968 4103 Christi
999 4060 1054 4119 per
1089 4045 1219 4100 mortem
1250 4035 1437 4097 resurrectio

365 4121 432 4178 e'us
453 4123 510 4177 111.

380 4141 393 4196 J
441 4201 469 4256 2.
491 4199 678 4274 Ιο11.1,29.

442 4279 470 4334 3.
492 4276 538 4334 cf.
553 4278 661 4338 raim.
676 4279 723 4356 95,
736 4281 764 4339 5.

415 4375 418 4382 ’
442 4357 470 4412 4.
490 4355 640 4431 Emicat,
656 4361 702 4416 12.

441 4434 470 4492 5.
491 4434 608 4495 [1002.
622 4440 650 4512 4,
666 4439 693 4494 4.
