3280 5028
317 292 384 364 174

317 444 334 478 α
353 422 484 496 Oculus
503 430 584 494 tuus
603 423 717 495 malus
735 429 800 518 est,
820 421 882 497 sed
910 447 975 519 ego
1001 420 1159 495 liberalis
1187 445 1264 494 sum
1279 421 1290 466 ¹
1306 460 1336 514 a,
1359 425 1394 489 et

314 526 467 598 iterum:
489 525 648 598 “Pastor
666 529 778 602 bonus
808 529 869 600 dat
886 529 1040 600 animam
1059 551 1156 598 suam
1188 550 1252 622 pro
1283 547 1395 620 grego

276 695 278 702 .
315 653 379 702 suo
390 627 405 674 ²
418 669 446 703 a.
460 629 619 702 Dicendo
637 641 773 703 autem:
796 654 810 688 u
828 631 921 718 Quid
938 655 994 702 me
1008 654 1112 703 vocas
1128 633 1260 704 bonum
1273 669 1303 722 a,
1321 627 1396 724 opi-

314 731 456 804 nionem
474 735 550 830 ejus
581 735 642 830 qui
666 735 961 830 interrogaverat,
979 758 1042 806 suo
1069 757 1239 830 responso
1266 732 1397 806 reluta·

314 835 378 928 vit,
397 837 480 934 quia
504 837 571 910 iste
590 837 951 934 putabat,·Christum
969 839 1012 910 de
1038 839 1104 910 hac
1129 845 1228 910 terra
1244 843 1281 910 et
1307 836 1398 908 sicut

313 963 424 1012 unum
442 964 488 1014 ex
505 943 688 1038 magistris
702 943 947 1016 Israelitarum
966 965 1054 1014 esse.

415 1045 540 1142 Itaque
558 1047 640 1142 quia
656 1045 756 1120 dives
784 1047 968 1122 Christum
992 1046 1170 1118 homiuem
1194 1043 1320 1118 habuit
1346 1043 1392 1116 si·

313 1149 457 1245 mulque
475 1149 669 1246 appellavit
685 1153 818 1224 bonum
834 1158 874 1224 ut
898 1151 1026 1243 Deum,
1044 1150 1148 1222 ideo:
1170 1171 1185 1206 r
1206 1148 1300 1238 Quid
1325 1171 1395 1241 me,

316 1253 377 1347 ait,
395 1275 500 1326 vocas
527 1253 686 1326 bonum?
704 1255 727 1326 i.
742 1279 771 1326 e.
792 1255 822 1326 si
848 1277 973 1327 revera
1003 1255 1054 1332 ita
1078 1255 1145 1328 tibi
1170 1253 1323 1346 videtur,
1340 1275 1399 1323 me

316 1380 469 1454 superne
494 1358 635 1430 venisse
655 1365 691 1430 et
716 1359 827 1430 filium
855 1381 932 1431 csse
959 1358 1062 1450 Boni,
1089 1363 1184 1430 recte
1211 1379 1268 1429 mc
1293 1377 1398 1430 vocas

317 1461 448 1534 bonum
464 1487 471 1554 3
488 1484 614 1534 verum
632 1461 664 1533 si
689 1485 735 1534 ex
760 1463 826 1534 hac
852 1468 949 1536 terra
969 1487 1058 1555 sum,
1076 1469 1116 1533 ut
1140 1469 1180 1534 tu
1207 1458 1401 1552 existimas,

316 1565 411 1638 male
429 1589 485 1636 me
503 1589 608 1638 vocas
636 1567 777 1638 bonum.
806 1567 908 1656 Quod
928 1567 959 1638 si
981 1565 1163 1639 Christum
1185 1563 1404 1661 appellasset

320 1667 437 1742 Deum
464 1673 594 1743 bonum
622 1676 658 1740 et
685 1668 848 1742 Christus
874 1671 957 1744 huic
981 1670 1115 1742 nomini
1148 1668 1402 1760 renunciasset,

320 1771 470 1846 forsitan
488 1774 563 1870 ejus
581 1776 728 1846 verbum
748 1781 842 1847 stare
863 1783 985 1870 posset
998 1773 1024 1846 ⁵.
1050 1775 1221 1846 Attamen
1246 1770 1403 1868 appella·

320 1876 372 1948 vit
390 1900 470 1950 eum
487 1877 709 1972 magistrum,
723 1902 795 1950 nou
812 1887 930 1950 autem
947 1879 1074 1951 Deum.
1091 1879 1140 1950 Et
1158 1875 1331 1974 quomodo
1347 1898 1403 1948 re·

319 1981 502 2054 nunciavit
519 1981 602 2053 huic
619 1981 754 2053 nomini
771 1983 803 2054 is
816 1983 876 2078 qui
890 1983 934 2054 de
954 2005 991 2054 se
1009 1982 1086 2078 ipso
1105 1981 1218 2054 dixit:
1245 2001 1260 2036 α
1276 1979 1404 2052 Pastor

320 2085 434 2156 bonus
456 2086 607 2158 animam
623 2109 723 2158 suam
742 2087 802 2158 dat
820 2110 885 2182 pro
901 2086 1025 2159 ovibus
1044 2086 1117 2158 suis
1129 2085 1144 2132 '⁸
1158 2085 1199 2159 a?
1217 2083 1265 2155 Et
1282 2106 1405 2154 omnes

288 2237 292 2242 ψ
319 2189 494 2283 magistri,
509 2189 570 2284 qui
588 2189 782 2262 doctrinam
801 2196 963 2262 sanctam
975 2189 1209 2282 tradiderunt,
1227 2193 1263 2258 et
1282 2209 1405 2261 omnes

315 2292 405 2386 justi
423 2299 459 2365 et
476 2294 577 2390 probi
594 2301 762 2366 vocantur
779 2295 873 2366 boni.
895 2293 1026 2365 “Bona
1042 2293 1135 2388 lacit,
1153 2293 1213 2386 ait,
1232 2285 1405 2364 Dominus

318 2392 452 2467 bouis5
472 2437 499 2470 a.
518 2397 653 2470 Porro:
671 2421 685 2454 ιι
703 2397 773 2484 Qui
791 2398 979 2470 seminavit
997 2421 1118 2470 semen
1139 2393 1309 2470 frumenti
1326 2417 1405 2466 san-

322 2499 381 2592 cti,
399 2499 475 2595 ipse
489 2508 543 2572 est
556 2501 650 2574 filius
668 2501 821 2574 hominis
844 2509 880 2574 et
898 2525 1018 2573 semen
1040 2496 1212 2574 bonorum
1233 2498 1298 2570 filii
1325 2504 1408 2570 sunt

318 2605 426 2698 regni
439 2601 454 2649 ⁶
469 2643 496 2676 a.
516 2603 697 2691 Quomodo
716 2629 836 2677 semen
853 2611 970 2702 potest
988 2629 1066 2678 esse
1083 2595 1225 2697 bonur'n,
1240 2609 1276 2674 et
1291 2602 1353 2697 qui
1371 2601 1408 2672 id

277 2777 278 2784 ,
323 2707 484 2801 seminat,
503 2707 648 2782 malus?
665 2709 737 2781 Vel
754 2709 927 2804 quomodo
949 2711 1170 2782 renunciavit
1183 2703 1404 2805 appellatio-

319 2811 361 2883 ni
380 2811 474 2904 boni,
494 2817 529 2883 et
547 2812 652 2885 simul
670 2813 750 2886 aliis
768 2813 806 2884 in
823 2813 909 2884 locis
928 2813 1069 2886 divinae
1092 2809 1339 2886 dominationis
1366 2814 1405 2878 et

321 2915 538 2988 adorationis
563 2916 772 3014 participem
798 2940 836 2990 se
862 2917 939 3014 ipse
964 2917 1078 2990 fecit?
1105 2915 1245 2990 Omne⁷
1273 2911 1407 2986 malum

320 3044 389 3116 per
407 3019 612 3112 dominandi
630 3021 859 3118 cupiditatem
877 3021 915 3091 in
933 3045 1046 3116 genus
1062 3022 1255 3094 humanum
1271 3017 1408 3089 intrare

325 3147 451 3197 ausum
470 3131 546 3217 est,
565 3147 673 3220 quare
692 3123 866 3197 Dominus
885 3125 1086 3220 superbiam
1104 3132 1185 3198 ante
1208 3123 1326 3195 Deum
1342 3121 1408 3192 im-

323 3227 493 3308 mundam
518 3227 723 3321 declaravit,
750 3229 915 3324 quouiam
940 3228 1161 3302 immundum
1186 3227 1271 3300 facit
1295 3223 1407 3297 homi·

326 3354 411 3402 nem
430 3336 511 3402 ante
528 3331 654 3404 Deum.
673 3331 922 3404 Humilitatem
940 3339 1058 3405 autem
1076 3331 1238 3415 omnibus
1259 3327 1410 3404 homini-

323 3437 393 3507 bus
412 3436 514 3530 quasi
532 3435 670 3508 frenum
689 3437 797 3530 dedit,
816 3435 899 3532 quia
914 3435 953 3507 in
968 3437 1170 3518 humilitate
1182 3432 1358 3508 voluntati
1376 3437 1411 3502 et

329 3539 404 3635 legi
422 3539 644 3634 superiorum
664 3564 807 3613 suorum
825 3539 990 3613 obedivit.

325 3717 328 3726 ,
432 3641 531 3716 Mors
557 3644 729 3718 divitis
758 3651 804 3720 et
824 3643 994 3718 Lazari
1015 3645 1115 3741 (Luc.
1132 3646 1187 3736 16,
1203 3643 1264 3736 19)
1281 3637 1408 3714 similis

410 3851 435 3904 l.
457 3847 556 3906 Maru.
570 3851 618 3921 20,
635 3851 682 3908 15.

406 3929 434 3983 2.
456 3926 541 3984 Ioru.
558 3929 605 4001 10,
622 3931 668 3986 11.

408 4008 435 4062 3.
457 4005 507 4062 Ad
520 4007 666 4065 verbum:
684 4007 851 4068 «Forsitan
865 4007 952 4067 loeus
968 4013 1051 4070 esset
1062 4005 1157 4068 verbo
1173 4009 1278 4083 ejus,s
1297 4001 1415 4062 seilicet

331 4082 455 4157 curisti,
469 4085 539 4142 huic
553 4086 667 4144 nomini
687 4087 906 4147 renunciantis.

410 4164 438 4218 4.
460 4161 545 4220 Ioar.
561 4168 607 4238 10,
623 4167 669 4222 11.

409 4241 438 4298 5.
459 4243 570 4300 Psnnu.
587 4245 653 4314 124,
668 4247 695 4302 4.
1202 4267 1207 4300 ¹

408 4323 436 4378 6.
458 4321 556 4379 Maru·
570 4325 615 4393 13,
634 4325 733 4381 31-38.

409 4403 436 4457 7.
458 4401 495 4460 In
510 4400 576 4460 cod.
591 4403 616 4459 B
631 4406 679 4459 est
692 4410 724 4473 d
738 4409 785 4474 ¹¹I¹=
