3218 5024
337 320 381 390 64

337 461 374 527 01
407 454 476 552 ipsi
493 449 495 462 '
511 451 820 550 persequutionem
856 453 1036 551 patientur
1052 452 1098 527 ¹⁷5.
1134 451 1220 526 Ideo
1254 451 1420 551 Apostoli

336 582 445 653 quum
463 554 675 630 contumelia
687 556 942 650 afficcrrentur,
955 556 1070 652 gavisi
1083 564 1176 650 0001,
1193 556 1305 652 “quia
1320 557 1421 654 digni
1439 585 1446 594 ·

334 661 447 736 habiti
466 667 559 755 sunt,
576 667 616 733 ut
633 660 880 734 contumeliam
901 667 1108 757 paterentur
1126 667 1271 757 propter
1292 685 1421 734 nomen

336 765 412 862 ejus
423 767 449 861 2,
464 767 554 839 sicut
566 763 739 837 Dominus
758 765 809 836 eis
826 771 1073 863 praeceperat:
1104 766 1218 858 01100,
1245 764 1305 858 011,
1334 789 1420 860 gau-

337 869 417 942 dete
427 877 464 943 et
474 869 644 961 exultate,
658 867 719 963 qui
732 892 867 942 merces
880 877 1001 942 vestra
1012 869 1125 942 multa
1138 875 1193 941 est
1214 869 1252 940 in
1264 867 1421 961 0001050,

338 979 396 1046 01;
427 976 500 1048 “In
517 973 580 1045 illo
599 972 656 1046 die
675 971 875 1066 gaudebitis
889 971 938 1046 10.

441 1079 535 1152 Vae
562 1075 697 1151 vobis
726 1075 965 1151 divitibus
992 1075 1090 1171 (Luc.
1110 1079 1143 1170 6,
1161 1077 1232 1170 24).
1260 1077 1420 1160 Observa

337 1178 529 1254 Dominum
546 1205 618 1254 non
636 1180 784 1252 desiisse
802 1181 868 1253 hoc
885 1183 1004 1273 verbo,
1022 1203 1067 1251 ne
1085 1180 1122 1251 id
1135 1180 1180 1252 ad
1193 1203 1315 1254 omnes
1333 1181 1422 1254 divi·

337 1290 391 1370 tes
417 1282 645 1384 applicarent.
673 1283 986 1378 Quemadmodum,
1013 1307 1121 1379 quum
1148 1282 1261 1358 dixit:
1291 1283 1424 1358 “Beati

336 1411 511 1486 pauperes
525 1389 562 1462 in
576 1388 704 1486 spiritu
717 1411 780 1461 suo
798 1427 826 1481 0,
840 1387 1001 1462 addendo
1017 1387 1083 1458 “in
1101 1386 1229 1483 spiritu
1244 1412 1307 1462 suo
1321 1427 1350 1479 0,
1369 1389 1422 1460 10-
1499 1435 1503 1446 ·
1598 1403 1599 1414 ¹

337 1491 478 1586 dicavit,
492 1495 558 1566 hoc
571 1494 719 1567 verbum
736 1514 808 1563 non
825 1491 1088 1566 extendendum
1106 1515 1184 1564 0000
1201 1493 1246 1564 ad
1264 1491 1423 1588 omnes⁶,

335 1594 395 1690 ita,
414 1622 523 1693 quum
540 1597 691 1670 diceret:
713 1596 817 1669 “Vae
830 1596 931 1670 vobis
947 1592 1115 1669 divitibus
1129 1635 1158 1689 0,
1173 1618 1233 1668 000
1247 1595 1423 1691 significa·

336 1699 399 1794 vit,
417 1702 479 1798 qui
496 1701 586 1774 nihil
604 1699 701 1774 aliud
718 1708 903 1796 quaerunt,
930 1724 1035 1796 quarn
1054 1693 1208 1774 div'itias.
1226 1700 1423 1774 Beatitudi·

334 1827 398 1878 nes
425 1805 544 1903 itaque
569 1829 640 1878 uon
666 1805 861 1900 promissae
884 1811 976 1898 sunt,
1003 1811 1043 1876 ut
1074 1827 1196 1878 eorum
1222 1804 1423 1880 nominibus

335 1910 437 2004 quasi
455 1910 603 2008 pulchro
620 1907 795 1982 velamine
814 1908 908 1980 mala
930 1910 1099 2002 obtegant
1124 1907 1187 1981 sed
1212 1908 1422 2004 contingunt

335 2011 388 2086 eis
403 2015 478 2112 qui,
497 2038 586 2111 quae
605 2011 796 2105 continent,
814 2008 1048 2108 exequuntur.
1064 2011 1219 2085 Nomina
1230 2013 1420 2110 unusquis-

337 2140 406 2210 que
438 2141 657 2216 quocumque
685 2118 749 2188 sub
776 2123 965 2211 praetextu
992 2122 1110 2212 potest
1137 2115 1334 2212 acquirere,
1357 2119 1419 2192 sed

334 2244 404 2316 res,
432 2245 521 2319 quae
547 2221 688 2294 nomine
717 2219 946 2314 significatur,
972 2242 1083 2320 prope
1119 2226 1174 2292 est
1200 2220 1233 2291 01
1259 2218 1417 2317 quinon

334 2326 422 2419 vult,
440 2333 483 2398 ut
498 2325 567 2399 sibi
583 2347 712 2398 nomen
737 2324 951 2397 attribuatur
966 2323 1121 2417 virtutis,
1147 2347 1253 2419 quam
1269 2348 1341 2396 non
1356 2326 1419 2399 ha-

319 2430 396 2502 ·bet
409 2429 435 2502 ⁶.
453 2428 656 2502 Promissae
672 2433 753 2499 sunt
767 2451 852 2523 ergo
871 2426 1032 2524 singulae
1045 2426 1281 2501 beatitudines
1296 2428 1418 2524 singu-

334 2529 380 2605 lis
398 2533 564 2630 operibus
585 2540 627 2629 aet
653 2531 795 2626 singula
819 2531 912 2604 dona
938 2531 1089 2627 singulis
1115 2531 1328 2626 bominibus,
1356 2535 1418 2630 qui

334 2634 478 2711 laboreo
496 2636 694 2710 mercedem
713 2631 781 2708 sibi
799 2641 1013 2732 comparant.
1040 2635 1222 2708 Retributi
1238 2637 1419 2733 praedicta
1538 2731 1544 2738 Ι

334 2747 399 2836 001,
417 2764 507 2837 0000
525 2743 618 2814 1000
635 2761 753 2836 opera,
771 2745 876 2835 atque
894 2762 1018 2835 poena,
1046 2763 1136 2835 quae
1162 2741 1415 2842 transgressio-

333 2867 416 2918 nem
438 2851 614 2941 sequetur.
642 2842 945 2930 Quemadmodum
971 2841 1057 2915 solis
1075 2848 1111 2915 et
1128 2843 1221 2924 oculi
1246 2867 1417 2918 commer-

334 2949 388 3020 cio
406 2951 525 3023 omnia
541 2946 708 3040 visibilia,
726 2971 815 3043 quae
834 2947 972 3019 suntin
990 2946 1086 3020 coelo
1105 2953 1141 3019 01
1158 2947 1197 3019 10
1213 2954 1320 3042 terra,
1334 2970 1415 3020 con-

333 3052 542 3150 spiciuntur,
560 3054 612 3126 ita
630 3059 665 3124 et
681 3051 888 3125 Vivificator
906 3050 1004 3123 Deus
1022 3050 1087 3124 lux
1118 3058 1172 3124 est
1189 3051 1362 3146 vivorum,
1380 3060 1417 3124 01

332 3158 472 3254 quando
498 3156 731 3231 communicat
756 3179 836 3227 cum
862 3161 992 3248 mente,
1019 3177 1097 3227 eam
1122 3155 1167 3228 ad
1192 3156 1417 3251 cognosenda

332 3262 503 3356 mysteria
517 3261 634 3357 erigit,
649 3261 694 3333 ad
708 3258 902 3355 sapientiae
916 3260 1085 3356 abyssum
1098 3259 1250 3352 deducit,
1270 3261 1415 3332 abscon·
1453 3312 1456 3319 ·

332 3363 407 3437 dita
433 3365 466 3438 01
491 3367 705 3440 manifestat.
731 3363 839 3436 Ideo:
870 3363 961 3436 Vos
989 3362 1111 3436 estis
1139 3362 1221 3436 lux
1246 3363 1415 3458 mundi,

332 3475 399 3541 et:
426 3469 503 3543 Sal
531 3469 651 3544 estis
677 3491 758 3540 vos
786 3473 960 3538 terrae.

435 3574 496 3647 Ad
515 3575 657 3648 Scribas
676 3577 711 3642 et
729 3569 953 3664 Pharisaeos,
979 3571 1041 3669 qui
1067 3569 1255 3644 adstabant
1281 3575 1415 3643 01000-

332 3697 419 3771 sam,
438 3700 519 3751 eum
537 3673 735 3768 accusandi,
753 3674 980 3770 quaerebant,
998 3674 1109 3750 dixit:
1127 3673 1223 3771 Ego
1240 3697 1329 3748 nou
1346 3697 1414 3749 ve·

411 3889 437 3944 1.
458 3886 492 3943 II
505 3885 571 3944 Tru.
586 3885 614 3956 3,
629 3885 676 3942 12.

409 3967 437 4024 2.
458 3964 531 4023 Aer.
545 3963 601 4021 Ar.
614 3963 642 4034 5,
656 3964 705 4021 41.

409 4047 437 4101 3.
457 4043 556 4102 Maru.
570 4044 598 4116 5,
614 4045 661 4100 12.

407 4124 437 4181 4.
456 4122 531 4181 Lvo.
544 4125 572 4196 6,
586 4122 634 4179 23.
658 4160 661 4166 -

411 4202 438 4259 5.
459 4200 659 4275 subintellige
677 4214 891 4277 1000000000.

410 4283 438 4339 6.
458 4278 508 4339 Ad
520 4278 648 4338 verbum
661 4279 786 4340 Aucher
798 4279 910 4339 vertit:
928 4295 941 4328 a
954 4278 1013 4349 Qui
1029 4296 1090 4339 non
1103 4279 1180 4351 vult,
1194 4281 1229 4338 01
1239 4279 1365 4355 superet
1378 4293 1412 4336 00

202 4379 207 4386 ’
331 4376 442 4420 nomen
454 4359 660 4436 praestantiae
670 4389 696 4435 a,
710 4358 729 4416 i.
742 4376 768 4418 0.
783 4363 818 4418 01
833 4360 964 4420 excedat
974 4377 1007 4420 00
1025 4361 1056 4419 01
1070 4359 1113 4418 010
1124 4357 1182 4418 0111
1194 4355 1411 4418 inconveniens

331 4441 389 4499 fiat
399 4455 508 4500 nomen
522 4437 654 4498 virtutis.
