3218 5024
109 299 372 390 five

252 505 258 514 .
324 439 523 532 accedebat,
552 446 592 510 ut
616 436 681 533 illi,
708 438 769 536 qui
794 439 840 513 ad
866 463 946 511 eum
974 447 1141 538 tanquam
1168 441 1214 514 ad
1230 441 1407 516 hominem

322 543 564 636 accessissent,
573 544 936 720 reprehenderentur
962 553 998 616 et
1023 552 1268 640 arguerentur.
1287 549 1406 620 Unam

323 647 443 764 igitur,
462 671 552 743 quae
570 648 622 720 int
625 671 663 720 11
681 671 801 720 omnes
829 671 909 719 eum
927 649 1073 740 adierat,
1047 655 1146 720 tex
1172 651 1333 724 omnibns
1352 673 1406 723 se·

321 751 511 846 paravit,u
486 757 664 823 utomnes
682 774 752 826 uno
771 754 878 825 verbo
897 751 1049 846 doceret,
1024 759 1106 824 tse
1124 777 1240 848 nosse,
1254 777 1327 848 cur,
1344 762 1407 827 aut

322 855 496 950 quomodo
515 857 756 954 unusquisque
775 859 899 929 eorum'
915 855 1031 952 ipsum
1050 857 1205 930 adiisset.

425 957 496 1046 Qui
510 982 596 1054 ergo
611 959 843 1079 corporaliter
857 983 937 1031 eum
950 939 1312 1058 adibattcorporalem
1326 984 1406 1033 sen-

321 1060 368 1134 sit
393 1067 592 1156 1111111111
608 1065 669 1159 qui
687 1063 922 1162 spiritualiter
941 1087 1022 1136 eum
1042 1064 1172 1158 adibat,
1198 1089 1262 1162 per
1279 1063 1404 1162 palpa-

321 1165 453 1264 tionem
479 1167 709 1240 humanitatis
743 1166 1008 1264 impalpabilem
1043 1167 1203 1266 palpavit
1238 1169 1405 1241 divinita-

320 1277 403 1342 tem.
431 1269 501 1358 Qui
526 1271 645 1360 adibat
662 1295 743 1343 eum
761 1281 929 1367 tanquam
953 1271 1142 1365 hominem,
1164 1273 1405 1369 palpationem

321 1373 552 1447 humanitatis
570 1375 609 1447 in
626 1399 667 1447 eo
687 1375 841 1468 invenit,
868 1375 929 1470 qui
956 1382 1075 1448 autern
1101 1383 1270 1472 tanquam
1287 1378 1404 1449 Deum

322 1502 402 1550 eum
421 1479 550 1573 adibat,
568 1481 773 1552 thesaurum
793 1479 985 1553 sanationis
1008 1479 1169 1552 dolorum
1188 1504 1331 1554 suorum
1349 1505 1404 1554 11-

320 1582 424 1680 perit.

422 1687 461 1761 si
473 1684 601 1759 mulier
615 1710 636 1758 a
649 1686 808 1759 cruciatu
822 1691 946 1759 sanata
959 1686 1050 1760 olam
1065 1687 1299 1782 discessisset,
1313 1712 1404 1784 prae-

320 1796 481 1887 terquam
491 1791 583 1887 quod
595 1791 805 1864 miraculum
818 1791 1037 1863 multitudini
1051 1792 1295 1888 absconditum
1308 1815 1407 1864 man-

319 1895 434 1989 sisset,
449 1895 556 1967 111111
573 1895 653 1991 ipsa
670 1895 797 1968 mulier
820 1895 1050 1992 corporaliter
1079 1903 1212 1990 sanata,
1239 1895 1406 1992 spiritua·
1426 1884 1434 1910 ‘

228 2041 230 2046 ·
318 1997 403 2071 liter
421 2007 567 2096 aegrota
585 1999 797 2072 discessiset.
817 1999 989 2086 Quamvis
1017 1999 1111 2071 enirn
1137 2008 1406 2096 propter‘sana-

318 2103 452 2175 tionem
471 2103 593 2176 Christ
579 2111 654 2176 tum
671 2104 787 2178 virum
799 2104 938 2199 justum
953 2126 1031 2176 esse
1046 2104 1300 2196 credidissett
1242 2111 1406 2176 attmen
1433 2121 1435 2124 ·

317 2231 349 2280 s1
366 2231 424 2280 111
444 2207 476 2278 11
494 2209 617 2307 ignota
637 2207 836 2300 mansisset,
851 2214 972 2280 utrum
994 2207 1092 2279 Deus
1114 2161 1406 2301 1111111111111-

317 2303 947 2408 111111111111111111111111111
973 2311 1405 2384 accesserunteitsanat

317 2422 410 2506 sunt,
438 2416 597 2488 sednon
624 2415 685 2511 ita,
711 2424 751 2487 nt
772 2415 862 2511 justi
888 2422 1155 2509 cognoscerent,
1187 2415 1332 2512 quinam
1359 2415 1405 2488 ad

173 2521 188 2582 ί
212 2577 214 2581 ,
317 2519 415 2615 ipsos
434 2519 668 2592 accessissent
683 2527 718 2592 et
732 2519 847 2592 sanati
859 2525 987 2592 essent.
1001 2519 1058 2590 Ne
1073 2543 1158 2614 ergo
1171 2519 1312 2612 mulier,
1326 2543 1405 2614 quae

317 2646 463 2720 corpore
483 2625 684 2718 sanabatur,
703 2630 821 2696 mente
840 2628 1054 2718 aegrotaret,
1073 2631 1231 2696 mentem
1250 2625 1326 2720 ejus
1347 2647 1403 2696 sa-

315 2751 400 2800 nare
427 2727 609 2801 festinavit
643 2727 828 2820 Dominus,
856 2727 917 2822 qui
951 2725 1175 2799 adsalutem
1206 2725 1336 2798 mentis
1365 2732 1401 2796 et

314 2832 471 2929 corporis
489 2839 646 2906 venerat.
676 2833 762 2904 Ideo
782 2831 892 2904 dixit:
920 2831 1033 2920 Quis
1060 2831 1232 2927 tetigit
1257 2829 1401 2904 vesti-

314 2943 469 3010 menta
495 2960 601 3008 mea.
915 3015 918 3027 ,

418 3040 516 3129 Quae
536 3064 617 3112 eum
635 3039 814 3136 tetigerat,
841 3037 1015 3111 Dominus
1033 3038 1255 3111 manifestam
1281 3038 1400 3110 facere

313 3143 437 3238 noluit,
464 3168 536 3217 non
561 3145 654 3240 quod
679 3144 840 3217 homines
866 3149 961 3215 esset
978 3142 1202 3238 decepturus,
1227 3143 1288 3239 qui
1305 3142 1399 3214 frau-

313 3246 395 3320 dem
412 3249 479 3320 hoc
495 3249 572 3345 ipso
590 3247 681 3320 facto
699 3247 871 3346 impedire
888 3245 1013 3337 voluit,
1031 3269 1145 3342 neque
1159 3247 1254 3342 quod
1267 3245 1399 3319 verita-

312 3357 384 3423 tem
401 3352 512 3424 nollet
530 3351 698 3444 confiteri,
717 3353 777 3447 qui
794 3350 886 3443 ideo,
913 3355 953 3420 ut
970 3349 1129 3422 homines
1148 3373 1235 3422 vera
1252 3349 1394 3422 confite-

308 3461 444 3550 rentur,
465 3456 531 3528 hoc
548 3454 773 3552 feeitQuare
788 3477 874 3551 ergo
888 3453 1062 3525 Dominus
1080 3453 1304 3525 manifestum
1322 3477 1394 3526 non

264 3601 268 3607 ·
307 3558 404 3654 fecit,
422 3561 501 3657 quis
515 3584 596 3631 eum
609 3558 814 3653 tetigisset?
832 3557 925 3646 Quia
941 3557 1098 3649 decebat,
1116 3564 1156 3628 ut
1175 3566 1299 3630 sanata
1314 3558 1395 3654 ipsa

308 3665 444 3737 medico
458 3663 559 3737 testis
573 3665 686 3757 fieret,
697 3670 732 3735 et
748 3685 891 3760 eaquae
905 3660 1091 3732 manifeste
1104 3663 1308 3756 sanabatur,
1321 3662 1393 3735 vir-

308 3769 388 3864 tuti,
415 3793 504 3867 quae
531 3792 609 3841 eam
635 3767 673 3839 in
698 3765 904 3841 abscondito
931 3769 1128 3858 sanaverat,
1154 3765 1393 3838 testimonium

308 3873 484 3947 redderet.
504 3872 677 3946 Dominus
694 3896 766 3944 non
782 3891 1021 3968 praepropere
1040 3868 1083 3940 de
1111 3891 1148 3940 se
1174 3867 1251 3966 ipso
1269 3868 1393 3940 testifi-

308 3983 407 4050 catus
427 3985 492 4072 est,
519 4002 626 4074 quum
644 3977 682 4048 in
699 3976 814 4048 medio
833 3972 1054 4048 inimicorum
1072 3996 1216 4045 suorum
1233 3975 1393 4046 versare-

308 4084 378 4174 tur,
393 4082 456 4154 sed
470 4088 568 4154 stans
583 4079 794 4177 expectavit,
807 4080 919 4151 donec
932 4100 1032 4173 opus,
1050 4075 1144 4172 quod
1156 4076 1298 4168 lecerat,
1312 4098 1393 4147 eum

308 4184 539 4282 praedicaret.
553 4186 633 4257 Hac
648 4185 768 4280 itaque
787 4181 1032 4279 expectatione
1048 4187 1083 4253 et
1100 4180 1222 4254 amicis
1236 4179 1393 4252 animum

260 4379 263 4386 Δ
309 4287 456 4383 addidit,
485 4295 521 4361 et
547 4287 708 4362 inimicos
735 4287 863 4384 arguit.
898 4287 992 4360 Nam
1018 4307 1127 4382 quum
1154 4283 1392 4381 exspectando

308 4393 494 4469 mulierem
508 4393 545 4467 in
557 4391 711 4466 medium
724 4390 964 4490 produxisset,
979 4395 1052 4464 tam
1069 4388 1173 4464 amici
1186 4389 1273 4486 ejus,
1285 4411 1390 4485 quarn
