3280 5028
1239 297 1303 370 169

225 425 341 519 dabat,
370 422 473 519 fugit,
492 430 531 496 ut
549 419 762 512 ostenderet,
786 440 823 490 se
842 442 863 489 a
881 416 989 490 Patre
1021 441 1085 492 suo
1117 421 1308 496 bonitatem

224 529 436 602 haberesua
453 535 581 602 natura
598 532 633 600 et
652 521 892 618 generatione,
906 545 977 594 non
993 529 1112 597 autem
1130 548 1227 598 mero
1244 549 1307 596 no·

225 631 329 706 mine
352 632 489 706 “Unus
515 635 665 722 tantum,
684 626 745 720 ait,
772 632 826 698 est
851 628 965 698 bonus
983 665 1013 720 s,
1033 633 1088 700 ast
1114 635 1195 723 post
1220 631 1308 702 haee
1332 623 1338 741 1

225 759 297 808 non
313 735 434 829 taouit,
455 735 515 808 sed
535 732 663 828 adjecit
683 753 698 788 ‘⁴
716 729 825 802 Pater
842 736 921 823 „‚ut
938 728 1091 823 doceret,
1105 732 1206 804 Patri
1228 756 1306 806 esse
1327 765 1335 828 ι

226 839 339 914 filium
356 843 488 914 bonum
505 837 574 934 ipsi
593 831 753 910 similem.
767 833 879 908 Dives
893 831 1085 908 Dominum
1098 836 1309 932 magistrum

208 943 355 1030 tonum
374 947 573 1034 vocaverat,
592 940 682 1012 siout
702 961 812 1009 unum
830 929 878 1009 ex'
901 937 1003 1010 bonis
1029 939 1220 1034 magistris,
1241 939 1309 1012 Oui

226 1045 432 1144 respondit:
455 1069 469 1103 1
486 1047 569 1120 Non
587 1051 641 1116 est
658 1041 786 1138 aliquis
804 1042 929 1133 bonus,
942 1047 982 1112 ut
994 1050 1033 1114 tu
1051 1044 1196 1140 putasti,
1213 1045 1309 1118 nisi
1331 1029 1339 1164 l

226 1157 405 1224 tantum
431 1173 551 1224 unus
578 1147 704 1220 Deus
731 1145 873 1218 Pater
895 1182 922 1216 n.
952 1147 1115 1222 “Deusn
1137 1147 1309 1242 dixit,ut

228 1255 435 1349 declararet,
454 1255 497 1328 de
516 1275 584 1350 quo
602 1251 807 1348 loqueretur
822 1274 830 1342 3
849 1254 884 1320 et
901 1268 915 1304 u
932 1247 1040 1324 Pater
1058 1290 1072 1326 s
1103 1251 1252 1345 addidit,
1270 1263 1310 1326 ut

228 1359 380 1450 doceret,
399 1358 513 1430 Deum
532 1380 602 1428 non
628 1352 869 1451 possevooari
895 1349 1051 1447 Patrem,
1070 1353 1138 1428 nisi
1162 1362 1308 1454 propter

226 1461 369 1536 Filium.
399 1463 448 1534 Et
466 1461 549 1558 quia
578 1457 698 1558 plures
731 1457 814 1530 deos
845 1457 972 1528 laoturi
990 1466 1091 1531 erant
1120 1459 1159 1532 in
1189 1460 1308 1554 ooelis,

226 1567 343 1640 ideo:
376 1565 528 1658 Nem0,
559 1565 620 1658 ait,
649 1565 809 1654 bonus,
836 1557 931 1632 nisi
969 1568 1150 1636 tautum
1176 1553 1335 1724 unae„

227 1669 384 1762 Pater,
412 1669 563 1765 quiin
590 1666 749 1740 eoelis.
767 1665 851 1738 Non
867 1663 1014 1738 forsitan
1032 1666 1129 1738 Deus
1148 1675 1183 1740 et
1200 1667 1310 1763 Deus,

230 1775 293 1846 sed
311 1775 410 1848 Deus
424 1797 469 1846 ex
487 1773 575 1865 Deo,
586 1778 621 1844 et
638 1773 750 1844 bouus
765 1792 810 1843 ex
827 1770 930 1842 bono.
948 1767 1047 1842 Deus
1064 1777 1118 1842 est
1136 1769 1312 1867 Christus,

227 1875 312 1974 quia
329 1878 415 1962 dioit
443 1899 458 1934 a
475 1876 584 1949 Pater
601 1915 629 1950 s.
647 1873 789 1948 Etenim
808 1872 838 1944 si
855 1871 899 1943 de
925 1873 1017 1946 bona
1042 1876 1167 1948 arbore
1198 1877 1311 1972 sudis,

226 1983 347 2055 statim
377 1981 618 2054 testimonium
648 1975 817 2052 bonitatis
849 1974 955 2048 etiam
986 1975 1024 2048 in
1053 1977 1206 2052 frustum
1235 1981 1311 2078 ejus

228 2086 454 2174 extenditur..
465 2085 557 2174 Quia
573 2083 630 2156 hie
647 2079 893 2178 Legisperitus
911 2089 1069 2177 venerat,
1087 2089 1127 2154 ut
1145 2084 1247 2180 quasi
1265 2109 1311 2158 ex

227 2189 308 2286 lege
335 2189 546 2283 erudiretur,
566 2186 730 2260 Christus
750 2183 856 2256 etiam
874 2187 977 2280 quasi
993 2209 1039 2258 ex
1056 2185 1137 2282 lege
1164 2211 1310 2284 respon·

227 2317 306 2368 sum
324 2293 443 2372 dedit:
466 2315 481 2350 u
499 2293 577 2388 Ego
597 2315 675 2364 sum
692 2297 728 2362 et
745 2313 816 2362 non
835 2295 890 2360 est
908 2288 999 2362 alius
1017 2299 1158 2388 praeter
1177 2315 1233 2364 me
1250 2294 1261 2338 ¹
1282 2333 1309 2367 e.

228 2397 401 2475 Similiter
420 2405 455 2470 et
473 2395 510 2468 in
528 2397 596 2468 isto
616 2393 714 2466 looo:
737 2393 851 2465 ouon
869 2400 923 2466 est
940 2396 1064 2490 bonus,
1083 2395 1153 2468 nisi
1174 2401 1312 2470 tantum

229 2524 321 2574 unus
339 2541 368 2596 n,
395 2509 431 2573 et
457 2508 647 2596 utrumque
672 2522 782 2574 unum
809 2503 875 2591 est,
897 2497 1192 2592 quemadmodum
1218 2503 1312 2598 quod

227 2605 341 2678 dixit:
360 2605 469 2699 Audi,
487 2603 612 2698 Israel,
630 2603 803 2676 Dominus
817 2601 915 2675 Deus
929 2610 1012 2676 tuus
1029 2603 1203 2678 Dominus
1221 2630 1313 2680 unus

228 2715 286 2780 est
303 2708 329 2781 2.
1267 2739 1271 2754 ·

329 2813 443 2888 Porro
460 2812 517 2888 hie
531 2811 587 2886 vir
602 2809 734 2884 divitiis
752 2811 919 2884 affluebat
930 2811 1038 2906 juxta
1050 2811 1313 2885 benedictiones

225 2916 317 3013 legis
339 2925 375 2994 et
391 2919 430 2992 in
446 2916 609 2992 terrestri
636 2913 817 3011 opulentia
835 2937 908 3006 sua,
927 2935 1031 3010 quam
1051 2915 1112 2986 lex
1138 2917 1313 3012 promisit,

227 3022 424 3096 confidebat
441 3029 477 3094 et
496 3020 594 3095 venit
612 3041 770 3116 sperans,
787 3023 827 3088 ut
845 3041 866 3088 a
884 3017 1035 3102 Domino
1055 3017 1098 3090 de
1123 3019 1258 3091 divitiis
1278 3028 1314 3090 et

228 3129 394 3222 operibus
412 3127 485 3199 suis
505 3121 747 3198 testimonium
765 3121 951 3218 acciperet.
978 3121 1220 3217 Interrogavit
1243 3123 1314 3194 Do-

229 3230 364 3306 minum
379 3231 423 3304 de
442 3230 534 3326 lege,
549 3229 586 3300 in
606 3227 721 3299 animo
734 3225 884 3318 habens,
902 3232 942 3297 ut
956 3230 1080 3320 postea
1097 3250 1314 3323 consequen·

228 3341 284 3410 ter
309 3335 411 3408 illum
437 3334 683 3428 interrogaret,
702 3354 787 3402 num
815 3329 848 3400 ei
875 3329 935 3424 qui
961 3331 1166 3404 observaret
1186 3331 1315 3427 legem,

221 3439 299 3534 jam
319 3438 357 3510 in
374 3439 440 3512 hae
466 3447 562 3511 terra
592 3435 777 3508 retributio
797 3443 901 3506 esset.
919 3433 966 3505 Et
992 3431 1166 3510 Dominus
1185 3436 1228 3508 de
1255 3438 1315 3528 ob·

233 3542 491 3616 servationibus
510 3540 602 3636 legis
628 3537 813 3636 paululum
839 3536 976 3610 remisit
989 3535 1017 3630 ὅ,
1039 3538 1150 3612 donee
1167 3539 1231 3625 ille
1255 3564 1315 3612 ve-

230 3645 326 3719 niret
340 3654 376 3719 et
390 3647 544 3718 diceret:
564 3643 681 3734 Quid
701 3643 849 3715 adhue
866 3641 979 3715 mihi
997 3641 1163 3718 deest?
1182 3643 1315 3732 Quum-

131 3779 133 3784 ·
234 3775 304 3846 que
334 3750 395 3822 ille
428 3757 599 3846 speraret,
626 3747 817 3820 Dominum
835 3769 929 3819 nuno
961 3746 994 3817 ei
1025 3771 1102 3820 esse
1129 3748 1317 3844 replicatu-

231 3879 311 3928 rum
328 3854 482 3947 residua,
502 3853 628 3949 quibus
647 3851 825 3948 perfectus
844 3857 930 3944 erat,
944 3855 984 3920 ut
998 3859 1033 3923 et
1051 3851 1185 3924 Paulus
1200 3850 1226 3944 ⁸⁸,
1245 3851 1316 3923 Do-

315 4093 341 4148 1.
361 4091 455 4150 Dsur.
470 4091 518 4161 32,
533 4090 580 4146 39.

315 4172 342 4226 2.
364 4171 457 4228 Dour.
473 4170 501 4241 6,
515 4171 543 4224 4.
923 4203 933 4222 .

312 4252 339 4308 3.
360 4249 384 4306 Ι.
397 4267 424 4306 e.
436 4247 504 4306 Non
519 4244 619 4304 omnia
632 4242 862 4318 mandatalegis
875 4243 1022 4304 Dominus
1037 4247 1237 4304 enumeravit.

313 4331 340 4382 1.
361 4328 386 4385 Ι.
401 4345 428 4384 e.
439 4325 606 4402 Apostolus
617 4325 738 4400 Paulus,
754 4323 805 4399 qui
819 4327 889 4382 ante
903 4323 1132 4385 conversionem
1147 4325 1317 4402 justitiaam

233 4406 363 4481 legalem
377 4405 545 4484 perlectam
560 4404 677 4464 habuit.
