3260 5020
1247 330 1320 402 243.

226 453 378 525 cisorum
406 449 708 547 crucifigentium,
727 448 818 523 alter
837 455 955 522 autem
977 449 1091 522 dixit:
1119 449 1318 527 Memen-r

227 561 273 626 to
298 555 386 626 mei
414 554 459 626 in
485 575 630 650 regno
659 559 749 646 tuo,
778 553 869 624 sicut
895 552 1131 625 incircumcisi
1161 555 1315 651 scripse-

227 663 333 732 runt:
363 657 479 729 “Hic
502 663 577 728 est
603 654 847 748 Christus,
874 678 957 727 rex
983 655 1312 732 ludaeorumn.

226 758 469 832 Incircumoisi
496 757 766 852 confessisunt,
785 756 969 830 Christum
995 781 1074 830 esse
1101 780 1223 852 regem
1250 757 1320 832 Ju-·

225 861 394 934 dacorum
422 869 458 934 et
483 883 555 932 non
580 883 703 955 regem
730 883 845 954 suum,
863 859 993 932 ludaei
1020 865 1138 932 autem
1164 859 1318 936 confessi

227 969 320 1057 sunt,
337 986 459 1060 regem
487 986 590 1035 suum
618 985 696 1034 esse
719 961 923 1054 Caesarem,
938 961 1134 1057 principem
1164 960 1316 1038 aliarum

225 1065 395 1160 gentium.
422 1064 594 1161 Populus,
621 1065 682 1159 qui
708 1063 941 1162 profitebatur
967 1088 1116 1159 regnum
1149 1066 1317 1139 transito·-

225 1167 330 1262 rium,
349 1166 491 1240 transiit
509 1191 587 1241 cum
606 1166 687 1260 illo;
707 1165 769 1262 qui
787 1175 906 1238 autem
918 1189 1043 1240 venrm
1061 1189 1212 1260 regnum
1231 1189 1318 1265 pro«,
1372 1213 1379 1226 ι

222 1269 310 1344 fessi
336 1276 430 1364 sunt,
443 1271 551 1366 juxta
575 1269 828 1367 promissiones
853 1269 958 1366 hujus
984 1269 1089 1362 regni
1110 1268 1148 1339 in
1173 1269 1317 1344 hortum

223 1371 417 1469 voluptatis
442 1373 630 1446 intrarunt.
665 1373 701 1444 A
728 1369 901 1462 Caesare,
928 1393 1032 1466 quem
1061 1393 1183 1466 regem
1211 1396 1315 1446 suum

221 1476 490 1569 profitebantur,
508 1477 594 1548 urbs
613 1497 735 1547 corum
753 1474 872 1546 diruto
889 1480 954 1564 est,
975 1480 1101 1568 gentes
1120 1479 1239 1546 autem
1257 1497 1322 1546 re-.

221 1601 331 1670 gnum
349 1575 493 1649 Domini
510 1577 719 1649 confitentes
736 1575 1045 1649 resuscitationem
1059 1582 1095 1648 et
1111 1576 1222 1648 vitam
1238 1599 1316 1652 cor·

221 1681 319 1773 poris
337 1680 393 1752 sui
410 1679 564 1753 assecuti
587 1685 681 1752 sunt.
1317 1746 1320 1756 Δ

324 1783 394 1856 Si*
416 1788 463 1855 tu
492 1780 785 1856 esChristus
812 1781 1067 1874 illc,salvo
1091 1788 1135 1852 te
1164 1781 1319 1880 ipsum.

222 1890 268 1954 et
294 1908 375 1958 nos
402 1893 565 1959 tecum.
593 1884 767 1956 Dominus
785 1907 858 1956 non
876 1883 1004 1977 effecit,
1021 1889 1062 1955 ut
1086 1883 1149 1955 ille
1168 1883 1315 1956 descen·
1429 1875 1433 1891 ’

221 1985 324 2058 deret
349 1987 392 2059 de
420 2009 536 2079 cruce,
556 1987 662 2060 sicuti
688 1985 853 2081 petierat,
871 1987 1039 2081 quoniam
1065 1985 1179 2080 illum,
1192 1985 1254 2082 qui
1270 1987 1316 2058 ad

223 2086 385 2162 dextram
404 2089 518 2162 crucis
537 2095 668 2163 enatet
698 2088 736 2160 in
754 2087 961 2160 crucifixum
980 2085 1158 2180 credebat,
1177 2089 1316 2183 magni·

223 2189 329 2263 ficare
343 2191 475 2285 voluit;
494 2215 577 2265 nam
595 2215 660 2288 per
673 2191 884 2262 miraculum
906 2189 1009 2264 facile
1028 2197 1179 2286 poterat,
1193 2213 1315 2286 quem·

224 2291 312 2365 libet
330 2293 397 2367 sibi
413 2294 528 2368 lacere
551 2292 774 2389 discipulum.
798 2291 870 2366 Sed
895 2292 973 2386 hoc,
992 2294 1086 2387 quod
1104 2293 1230 2366 lortius
1249 2299 1315 2386 est,

222 2395 384 2490 contigit,
409 2397 588 2492 nimirum,
611 2395 669 2467 vel
697 2395 830 2468 veritas
857 2393 1001 2466 Domini
1031 2401 1316 2469 contemnentem

226 2498 359 2594 adegit,
386 2504 425 2570 ut
452 2497 568 2594 ipsum
595 2497 760 2570 adoraret
772 2497 798 2570 ².
827 2497 1025 2593 Propterea
1050 2498 1142 2570 dixit
1159 2498 1322 2594 Aposto-

223 2600 304 2674 lus:
335 2600 552 2674 “Infirmum
578 2599 646 2672 Dei
672 2599 798 2673 fortius
826 2606 881 2673 est
906 2600 1108 2674 hominibus
1126 2639 1141 2673 s
1157 2598 1184 2671 ⁵.
1211 2600 1316 2673 Infir-

223 2703 345 2777 mitate
372 2703 487 2776 crucis
514 2725 636 2775 omnes
662 2702 813 2798 populos
848 2702 1023 2776 Dominus
1052 2703 1120 2776 sibi
1156 2702 1323 2799 subjecit..

222 2807 398 2902 Expende
424 2805 569 2880 brachia
596 2811 659 2877 tua
684 2804 730 2876 ad
756 2825 907 2894 crucem,
935 2811 975 2875 ut
1000 2804 1147 2878 brachia
1171 2801 1317 2876 Domini

224 2909 384 2982 crucifixi
411 2909 456 2982 ad
483 2915 518 2980 te
545 2907 803 3003 expandantur.
826 2905 898 2994 Qui
925 2907 1019 2978 enirn
1045 2929 1189 2980 manum
1216 2928 1317 2980 suam

224 3011 270 3082 ad
287 3034 427 3085 crucem
445 3011 521 3108 ejus
539 3033 612 3082 non
633 3007 817 3105 expandit,
838 3007 869 3078 is
887 3030 952 3080 nec
971 3030 1114 3080 mensae
1129 3007 1218 3103 'ejus
1241 3029 1323 3078 ma·⁴

223 3136 291 3186 nus
318 3113 531 3188 admovebit.
550 3114 586 3186 A
603 3135 735 3206 mensa,
754 3110 851 3181 enim
877 3111 955 3206 ejus
982 3110 1230 3203 excludentur,
1254 3109 1316 3204 qui

224 3217 421 3290 esurientes
440 3219 484 3291 ab
503 3239 544 3288 eo
563 3213 715 3306 invitati,
734 3211 854 3286 satiati
872 3212 917 3284 ad
936 3235 1017 3284 eum
1035 3219 1221 3286 venerunt.
1240 3212 1315 3286 No·

223 3317 251 3390 li
270 3319 391 3394 satiari
409 3327 446 3392 et
471 3319 521 3390 sic
539 3317 584 3390 ad
610 3339 770 3389 mensam
796 3315 882 3387 Filii
900 3315 1079 3408 accedere,
1098 3338 1144 3388 ne
1170 3319 1206 3388 te
1234 3338 1313 3387 esu·

224 3421 376 3494 rientem
394 3422 439 3492 de
456 3443 580 3493 mensa
599 3443 664 3492 sua
682 3441 829 3512 surgere
841 3418 975 3515 jubeat.
1309 3490 1312 3503 ,

330 3523 423 3610 Quia
439 3524 589 3598 Satanas
606 3547 715 3596 unum
734 3544 780 3592 ex
798 3520 983 3617 discipulis
1003 3515 1146 3596 Christi
1165 3545 1187 3591 a
1206 3519 1314 3617 justi-

226 3755 375 3815 contextu
408 3755 511 3830 patet,
541 3755 618 3812 hanc
661 3749 934 3824 interrogationem
980 3767 1102 3807 sonsum
1143 3743 1315 3822 negationis

226 3829 402 3968 11ίάωἱῐοθσΑᾱ
416 3909 564 3967 verbnm:
582 3881 715 3965 “Nomio
736 3879 771 3964 tu
792 3922 825 3962 ea
850 3903 991 3962 Christus
1015 3891 1089 3965 ille?
1116 3903 1209 3964 Salva
1228 3910 1262 3962 tu
1284 3907 1316 3962 te

223 3987 324 4064 ipsum
336 4018 350 4051 s
364 3991 423 4047 etc.
438 3987 484 4046 Cf.
498 3984 737 4045 Adnotationem
750 3982 997 4058 praecedentem.

144 4078 148 4086 ·
234 4084 237 4090 ’
303 4067 332 4122 2.
353 4065 456 4124 Locus
470 4083 511 4124 ex
535 4063 602 4122 cod.
620 4061 655 4119 B.
676 4059 867 4120 emendatus.
889 4060 1008 4119 Textus
1033 4061 1101 4120 cod.
1125 4057 1212 4118 Asic
1234 4058 1316 4118 verti

223 4147 346 4220 potest:
361 4143 422 4203 Sed
444 4144 514 4217 hoc,
536 4139 618 4218 quod
640 4139 751 4198 fortius
776 4139 834 4212 est,
851 4137 967 4197 factum
989 4140 1048 4212 est,
1068 4137 1211 4197 nimirum
1235 4137 1319 4214 quod

224 4221 373 4282 Dominus
396 4222 463 4299 ipse
488 4219 593 4295 adegit
612 4217 753 4278 ueritatis
784 4213 1037 4293 contemptorem,
1061 4221 1096 4276 ut
1117 4217 1217 4295 ipsum
1245 4215 1318 4272 ado-

226 4303 320 4361 raret.
368 4315 379 4341 ¹
1312 4311 1321 4340 r

304 4383 332 4438 3.
354 4380 370 4438 1
384 4376 458 4438 Con.
475 4379 502 4453 1,
517 4375 567 4436 25.
1236 4398 1240 4406 ¹
