3260 5020
1237 307 1305 377 257

213 429 263 504 ιιι
281 437 317 504 ιι
334 437 447 528 porta,
467 455 531 529 per
548 455 654 528 quem
672 430 733 504 ille
752 432 959 522 intraverat,
977 430 1095 504 velum
1119 455 1221 506 suum
1240 458 1301 530 ap-

213 537 403 629 prehendit
434 543 469 605 et
494 535 599 608 scidit
619 537 642 606 ¹.
673 534 792 608 Corda
817 543 997 630 petrarum
1033 535 1177 631 dirupta
1207 545 1301 633 sunt,

213 639 321 715 corda
337 639 690 720 autemdudaeorum
710 663 781 710 non
798 637 957 709 fecerunt
974 638 1239 732 poenitentiam.

236 739 238 744 ’
316 741 444 821 Mense
462 742 583 814 Areoh
600 741 685 814 vicit
702 741 876 813 Dominus
894 741 1105 836 Aegyptios,
1124 750 1159 812 ot
1177 743 1300 815 eodem

213 845 532 925 menseHebraeis
549 867 613 940 per
632 844 832 917 columnam
850 843 980 914 illuxit.
1009 843 1227 918 Obscuratus
1246 855 1301 918 est

212 947 278 1042 sol,
293 947 392 1064 quia
418 970 461 1018 ea
490 970 580 1042 quae
602 955 705 1018 erant
735 945 922 1036 contraria,
954 945 1197 1020 reddiderunt.
1229 949 1300 1020 Pro

212 1051 316 1128 mari
321 1050 431 1132 scisso
459 1049 563 1122 scidit
548 1048 744 1145 tSpiritus
761 1049 952 1140 velum-ut
978 1071 1043 1120 rex
1069 1049 1251 1142 gloriae
1223 1075 1299 1124 ome

210 1153 506 1249 impediment'o
496 1177 535 1223 111
565 1174 704 1227 crucem
745 1151 955 1224 ascenderet
940 1159 1095 1246 tsuper
1124 1152 1300 1228 Calauria.

208 1257 295 1336 sod
301 1257 385 1352 quia
411 1253 540 1328 idcirco
566 1255 720 1352 populus
739 1255 890 1326 velumt
875 1253 1000 1350 templi
1016 1277 1087 1325 non
1114 1255 1219 1328 scidit
1204 1264 1300 1355 tper

204 1360 295 1454 ιἰιιιι
284 1358 425 1450 itiam&
456 1381 536 1430 oum
563 1357 716 1430 Domino
746 1357 904 1452 patiente
929 1380 1057 1453 passas
1091 1365 1174 1431 sunt
1204 1385 1300 1436 crea-

210 1469 322 1535 turae.
340 1462 403 1537 Sol
422 1459 607 1542 abscondit
592 1460 748 1536 tfaciem
769 1484 881 1551 suam,
902 1467 937 1530 ιι
964 1484 1009 1532 ne
1029 1483 1109 1532 eum
1132 1463 1169 1534 in
1195 1487 1298 1536 eruce

211 1565 425 1658 pendentem
455 1563 605 1655 videret,
624 1563 746 1636 lumen
772 1563 810 1634 in
840 1587 880 1634 se
909 1563 1071 1658 retraxit,
1092 1577 1131 1637 ιιι
1157 1568 1299 1639 omnino

209 1675 439 1746 emoreretur.
458 1667 549 1738 Tres
567 1666 675 1758 horas
692 1665 745 1738 sol
765 1669 1017 1740 obtenebratus
1035 1675 1100 1760 est,
1124 1673 1161 1739 ιι
1176 1677 1302 1765 postea
1379 1728 1382 1733 .

209 1769 333 1848 denno.
349 1771 454 1862 luxit,
471 1776 511 1842 ut
535 1767 727 1847 Dominum
746 1769 802 1840 die
829 1769 936 1842 tertia
962 1769 1005 1840 de
1029 1770 1156 1842 inferis
1182 1796 1300 1846 resur-

204 1879 390 1952 recturum
420 1872 654 1970 praedicaret.
695 1870 837 1944 Montes
867 1872 1032 1944 commoti
1062 1881 1097 1944 et
1137 1875 1302 1971 sepulcra

208 1983 446 2070 spartacum,
464 1974 638 2048 etvelum
666 1974 816 2048 scissum
842 1975 945 2068 qnasi
967 1974 1011 2046 de
1038 1975 1157 2047 futuro
1175 1979 1300 2076 templi

212 2077 452 2160 destructione
480 2077 690 2152 contristata
714 2077 886 2174 plorabat.
904 2079 996 2152 Aut
1023 2079 1107 2174 quia
1124 2102 1163 2151 os
1188 2081 1300 2172 homi-

211 2204 295 2256 nmn
315 2205 396 2256 oum
414 2183 656 2274 damnaverat,
674 2205 713 2253 os
732 2202 851 2254 rerum
878 2180 1153 2254 inanimatorum
1172 2183 1300 2258 clama·

212 2283 265 2355 vit
283 2308 433 2380 eumque
446 2283 666 2380 justificavit.
685 2282 746 2358 Illi
764 2289 951 2354 tacuerunt
969 2290 1004 2354 ιι
1034 2283 1172 2380 lapides
1191 2286 1301 2361 locuti

206 2395 305 2482 ,sunt
324 2388 415 2466 siout
433 2386 607 2462 Dominus
625 2385 863 2484 praedixerat.
882 2385 1013 2459 Velum
1031 2411 1171 2484 quoque
1194 2412 1299 2463 aures

208 2513 333 2572 eorum
351 2493 553 2564 obsorratas
571 2496 607 2562 et
622 2489 815 2564 obduratas
833 2489 955 2582 scidit3
969 2495 1008 2566 ιι
1023 2512 1103 2562 eum
1122 2514 1227 2588 quem
1246 2493 1301 2567 illi

172 2616 176 2627 ·
206 2597 500 2690 reprobaverant,
519 2591 740 2688 glorificavit.
1296 2626 1298 2630 ·

218 2769 221 2773 ,
302 2697 365 2770 -Ει
380 2696 527 2792 spiritns
543 2695 713 2770 dilectum
731 2718 833 2766 suum
863 2717 1075 2790 suspensum
1094 2703 1130 2770 et
1154 2697 1301 2772 illusum

209 2797 336 2880 videns
361 2799 538 2889 velamen,
558 2796 685 2894 templi
712 2803 970 2890 ornamentum,
1001 2800 1239 2896 apprehendit
1265 2812 1301 2873 et

205 2901 324 2976 scidit.
343 2901 459 2980 Αιιι3
477 2901 564 2997 quia
572 2902 651 2997 typi
662 2899 831 2974 viderunt
847 2924 978 2994 agnum
999 2902 1169 2998 typicum,
1188 2902 1300 2974 scide-

208 3011 294 3084 runt
309 3005 427 3085 telum
446 3010 482 3076 et
500 3003 623 3102 stipati
646 3002 785 3098 egressi
812 3009 895 3074 sunt
922 3003 968 3074 ad
995 3026 1087 3076 eum.
1110 3006 1202 3078 Aut
1229 3007 1300 3101 spi-

204 3107 300 3188 ritus
328 3107 536 3206 prophetiae
561 3107 726 3180 habitans
743 3105 781 3178 in
806 3104 951 3202 templo,
969 3106 1030 3200 qui
1057 3107 1299 3206 descenderat,

207 3216 250 3281 nt
264 3211 477 3284 hominibus
504 3210 696 3294 adventum
724 3209 800 3304 ejus
835 3209 1079 3304 praedicaret,
1106 3216 1191 3284 tuno
1218 3234 1299 3284 avo-

207 3311 314 3406 lando
341 3313 512 3406 ascendit,
531 3319 571 3384 ut
598 3312 736 3408 superis
755 3312 799 3384 de
826 3335 975 3385 ascensu
992 3311 1138 3385 Domini
1155 3314 1194 3386 in
1220 3335 1298 3386 coe-

208 3415 284 3489 lum
301 3417 469 3498 nuncium
488 3415 642 3490 afferret.
661 3417 754 3487 Aut
777 3413 791 3459 ι
819 3415 983 3511 sepulcra
1011 3416 1122 3489 scissa
1147 3423 1300 3508 suntet
1354 3457 1357 3462 Α

207 3517 382 3600 Dominus
409 3517 624 3610 ostenderet,
650 3541 688 3590 se
715 3517 856 3612 lignum
882 3521 996 3592 crucis
1023 3519 1182 3615 potuisse
1208 3518 1299 3590 sein-

202 3619 305 3715 dore,
323 3623 418 3719 quod
435 3645 508 3704 non
525 3621 640 3712 scidit,
657 3621 742 3716 quia
758 3643 823 3716 per
845 3620 936 3693 illud
963 3621 1195 3696 scindendum
1222 3633 1300 3696 erat

201 3748 358 3819 *regnum
384 3726 512 3817 Israel,
531 3747 597 3796 nec
622 3724 658 3795 id
685 3723 863 3815 contrivit,
889 3747 954 3819 per
981 3726 1075 3822 quod
1102 3729 1246 3820 peccata
1262 3728 1300 3799 in

197 3829 373 3924 gentibus
408 3827 625 3902 conterenda
652 3835 763 3900 erant.
799 3826 955 3900 Eoontra
991 3828 1138 3922 spiritus
1165 3850 1230 3921 pro
1259 3854 1299 3901 eo

289 4057 386 4118 LAd
401 4059 547 4118 verbnm:
565 4058 640 4117 Ad
656 4077 689 4116 se
703 4059 800 4116 traxit
817 4063 848 4117 et
862 4060 993 4117 scidit».

286 4139 314 4194 2.
335 4139 361 4195 Ι.
372 4158 400 4196 ι
393 4137 485 4214 quia
500 4137 600 4196 velum
616 4154 708 4211 snper
732 4138 878 4213 templum
902 4136 1002 4198 cordis
1027 4137 1074 4194 sui
1094 4136 1175 4214 posit
1176 4153 1226 4194 um
1244 4155 1299 4213 per

8 4231 10 4286 ι
202 4216 355 4291 justitiam
371 4215 511 4274 scindere
526 4215 702 4272 noluerunt.

8 4291 9 4310 ¹
286 4295 314 4351 3.
335 4295 406 4352 Sic
399 4313 429 4351 m
444 4294 509 4352 cod
524 4294 559 4350 B
575 4292 694 4351 Inood
709 4293 781 4350 Ah
796 4295 816 4350 l
828 4294 938 4354 lacuna
954 4298 1037 4354 est

285 4373 313 4428 4.
334 4373 405 4430 Ita
398 4391 429 4430 m
445 4371 511 4430 eod
526 4372 560 4430 Β.
570 4371 613 4430 In
629 4371 695 4431 cod
709 4371 791 4428 Azu
777 4372 884 4441 Ειιι.

1102 4459 1144 4527 17
