3256 5012
1189 323 1293 396 ,273
1357 337 1360 343 ’

199 446 294 537 tibus
329 442 471 549 aderat,
497 453 686 529 hodiedum
717 451 791 523 solo
818 452 931 524 verbo
953 445 1169 543 nominatur,
1194 455 1289 548 quod

198 567 304 638 etiam
324 565 428 635 doaet
454 559 552 632 loeus
579 557 715 632 Isaiae:
738 553 924 628 “Videsne
952 553 1128 648 spiritum,
1150 556 1211 650 qui
1229 556 1289 629 de-

197 667 346 762 seendit,
365 673 400 736 et
418 663 662 751 salvationem,
679 679 785 754 quam
802 655 1022 753 praedicavit
1034 695 1063 748 a,
1078 664 1144 729 eto.
1157 659 1180 730 ¹.
1195 658 1288 746 Quia

196 770 318 844 debita
343 775 467 840 nostra
496 789 561 862 per
592 762 767 834 delectum
798 783 820 830 a
849 759 925 830 Deo
961 759 1189 833 multitudine
1225 785 1289 835 sua

198 895 307 969 super
333 870 453 944 omnia
478 865 718 957 invaluerunt,
737 861 825 933 adeo
844 869 884 932 ut
910 883 975 934 neo
997 863 1205 959 prophetae,
1223 887 1289 937 neo

196 974 410 1066 sacerdotes,
440 995 505 1044 nee
529 965 631 1067 justi,
662 988 729 1038 nee
760 987 865 1058 reges
897 964 949 1035 eis
980 965 1159 1040 solvendis
1182 987 1287 1062 pares

196 1085 337 1171 essent,
363 1076 441 1172 ipse
474 1071 620 1147 Domini
645 1069 741 1142 filius
768 1091 847 1138 oum
875 1065 992 1160 venit,
1024 1069 1185 1142 inomni
1209 1070 1287 1143 loeo

195 1180 353 1256 omnium
371 1177 566 1274 captivator
584 1173 697 1246 laetus
716 1177 782 1264 est,
801 1175 836 1240 et
864 1169 985 1243 debita
1010 1179 1133 1244 nostra
1163 1195 1229 1246 neo
1250 1173 1287 1245 in

195 1285 309 1375 utero,
340 1304 406 1355 neo
437 1279 473 1351 in
502 1276 699 1368 nativitate,
730 1295 796 1346 neo
827 1272 865 1344 in
890 1275 1067 1368 baptismo
1100 1275 1285 1370 persolvit,

195 1383 307 1457 donee
346 1382 442 1456 eruoi
481 1381 635 1454 traditus
676 1383 824 1449 mortem
843 1399 844 1402 ’
866 1382 1071 1472 gustasset,
1111 1384 1151 1448 ut
1190 1401 1286 1452 mors

193 1485 308 1582 ipsius
334 1487 465 1559 damna
494 1490 618 1556 nostra
646 1479 903 1576 compensaret,
921 1479 1087 1574 quoniam
1116 1504 1180 1576 per
1208 1505 1286 1554 earn

193 1596 277 1662 sunt
294 1589 421 1681 soluta,
439 1587 568 1684 quibus
588 1581 767 1658 solvendis
786 1603 909 1652 omnes
927 1589 1109 1656 ereaturae
1128 1583 1284 1680 impares
1337 1617 1340 1623 ’

191 1701 305 1767 erant.

293 1793 490 1890 Postquam
515 1789 691 1863 Dominus
719 1809 764 1858 ex
792 1786 864 1896 eis,
893 1789 954 1882 qui
990 1789 1097 1864 morti
1132 1784 1288 1886 subjecti

191 1902 305 1988 erant,
324 1903 360 1969 et
385 1919 431 1968 ex
457 1895 522 1967 illa
547 1900 687 1983 natura,
715 1912 950 1986 superquam
975 1917 1071 1966 mors
1099 1895 1283 1988 regnabat,

190 1999 322 2094 pignus
346 2000 443 2072 vitae
469 1997 539 2090 ‘sibi
566 1993 738 2090 sumpsit,
766 1991 927 2066 elevatus
956 2003 1012 2068 est
1039 2002 1075 2067 et
1101 1995 1211 2070 Pater
1237 1997 1283 2068 ad
1309 1993 1311 2002 ’

193 2101 359 2186 dextram
376 2125 477 2174 suam
495 2123 577 2173 eum
593 2097 677 2170 feeit
693 2097 818 2169 sedere
845 2103 1015 2192 tanquam
1033 2097 1192 2172 obsidem
1212 2104 1283 2171 ter-

192 2203 383 2278 ricolarum
396 2203 422 2278 ².
440 2203 530 2278 Inde
549 2223 594 2274 ex
621 2207 750 2274 natura
776 2220 841 2270 sua
865 2199 998 2296 pignus
1016 2224 1152 2294 verum,
1171 2201 1283 2298 Spiri-

192 2313 267 2379 tum
286 2307 516 2400 Paraolitum,
531 2305 662 2403 pignus
675 2302 770 2375 vitae
789 2300 906 2374 ineos
925 2304 1078 2377 demisit.
1098 2303 1200 2392 Quod
1215 2304 1245 2377 si
1264 2323 1285 2378 a

65 2403 70 2424 '
192 2410 364 2508 servitute
382 2410 518 2509 peceati
543 2405 687 2482 liberati
713 2427 847 2498 sumne,
874 2429 959 2480 uum
984 2431 1049 2503 per
1078 2429 1222 2480 servum
1240 2404 1282 2482 li-

191 2513 307 2584 berati
330 2537 451 2588 sumus
465 2512 508 2583 ⁵?
536 2513 587 2586 At
613 2531 684 2582 non
709 2505 908 2582 liberantur
936 2509 1031 2584 servi
1057 2533 1121 2606 per
1148 2509 1281 2585 servos.

190 2613 289 2687 Audi
306 2613 394 2687 haee
411 2617 480 2688 dno
506 2612 684 2688 mirabilia
709 2631 827 2706 opera.
855 2611 944 2702 Quis
963 2612 1086 2687 divisit
1112 2613 1281 2710 linguas?

189 2713 310 2791 Pater.
328 2718 425 2791 Num
451 2723 654 2814 pensatores
675 2714 832 2807 euantii,
850 2737 1000 2809 quorum
1027 2715 1172 2810 linguae
1200 2738 1281 2789 oon-
1388 2734 1390 2740 ·
1427 2731 1437 2749 ’

188 2818 289 2893 fusae
316 2828 410 2914 suut,
436 2844 482 2894 an
503 2817 619 2915 justi?
646 2815 868 2888 Peooatores.
888 2817 1044 2913 Spiritus
1070 2825 1201 2910 autem,
1220 2819 1281 2914 qui

189 2922 321 2997 missus
347 2930 413 3015 est,
431 2923 477 3004 ad
503 2944 609 3018 quem
630 2917 755 2990 venit?
773 2918 833 2990 Ad
857 2919 1061 3016 Apostolos.
1088 2921 1217 2993 Nonne
1243 2921 1280 2994 hi

184 3025 276 3120 justi
294 3027 421 3100 erant?
441 3025 544 3099 Sane.
565 3021 640 3094 Cur
658 3043 745 3115 ergo
763 3020 872 3092 Pater
890 3030 1129 3117 peecatorum,
1147 3030 1184 3095 et
1202 3023 1282 3120 Spi-

189 3127 280 3202 ritus
292 3129 471 3226 justorum
492 3133 528 3200 et
544 3121 799 3222 Apostolorum
826 3123 970 3220 linguas
996 3123 1150 3208 dividit?
1177 3126 1282 3215 Quod

190 3231 221 3302 si
239 3231 289 3304 ita
315 3239 381 3327 est,
407 3233 521 3330 majus
541 3235 577 3301 et
603 3225 757 3300 nobilius
785 3234 839 3299 est
866 3251 954 3324 opus
982 3228 1149 3326 Spiritus,
1172 3251 1279 3325 quam

189 3332 319 3407 Patris.
337 3334 512 3408 Dominus
530 3353 657 3428 eorpus
675 3335 837 3402 nostrum
865 3352 983 3404 seeum
1002 3332 1157 3406 elevavit
1181 3340 1217 3406 et
1234 3331 1279 3404 ad

190 3433 264 3508 alta
290 3438 429 3529 evexit,
457 3434 612 3509 utillud
639 3455 705 3528 pro
732 3434 939 3530 eorporeisl
968 3431 1214 3529 intercederet,
1243 3443 1279 3507 et

192 3740 291 3800 turbs
305 3739 520 3799 consolationis
532 3772 556 3804 η.
575 3739 735 3797 Dominum
755 3739 910 3814 discipulis
929 3745 999 3816 post
1019 3740 1275 3800 resurrectionem

189 3820 220 3878 in
235 3818 375 3879 Galilaea
388 3817 577 3895 apparuisse,
591 3818 750 3896 Soriptura
763 3819 906 3874 testatur.

271 3902 298 3956 1.
320 3896 529 3970 cf.1s.sl,1.

268 3991 297 4046 2.
318 3990 367 4050 Ad
391 3989 537 4048 verbum:
563 3985 787 4064 “inferoruma
812 3989 862 4048 vol
878 3988 1117 4062 “inferioruma
1134 3991 1151 4048 i.
1174 4008 1201 4050 e.
1226 3992 1278 4068 qui
1348 4001 1353 4014 ’

186 4063 411 4139 intremulum,
426 4067 480 4125 ubi
493 4065 633 4126 Christus
648 4070 706 4142 est,
720 4068 871 4127 habitant.

267 4148 295 4203 3.
317 4147 355 4204 In
368 4145 416 4203 his
431 4146 463 4203 et
477 4143 677 4220 sequentibus
692 4162 716 4202 s.
733 4150 842 4205 auotor
855 4145 971 4205 refutat
984 4149 1148 4222 negatores
1174 4146 1279 4206 divini·

20 4212 64 4254 '²
187 4219 261 4282 tatis
286 4223 540 4300 Spiritus'sanoti
564 4223 596 4280 et
618 4221 763 4298 ostendit,
788 4225 931 4302 Spiritu-m
956 4223 1095 4286 sanatum
1121 4243 1183 4288 nou
1208 4243 1277 4285 esse
1378 4289 1382 4294 .

183 4305 330 4374 sermm,¹
342 4302 361 4358 i.
376 4319 403 4360 o.
418 4302 565 4374 creatum,
580 4303 615 4358 ut
626 4300 776 4361 haeretiei
790 4302 990 4367 affirmabant.

268 4383 295 4438 4.
316 4380 365 4441 Ad
380 4379 522 4442 verbum:
540 4393 618 4460 spro
637 4379 774 4462 cognatis
789 4383 887 4468 suisa.

1078 4468 1121 4540 ls
