3260 5020
1249 300 1319 372 259

228 425 398 522 quamdiu
426 431 566 518 tempus
586 427 662 492 erat
688 417 888 510 ooeidendi3
916 426 997 492 ante
1026 423 1209 496 sabbatum
1236 448 1318 498 eum

226 529 458 626 sepelierunt,
475 549 584 621 quum
601 523 716 595 adhue
741 522 839 593 loeus
859 529 954 593 esset
979 523 1106 618 luotus,
1124 525 1208 620 quia
1239 531 1318 604 sab-

228 635 350 712 batum
368 629 448 703 finis
463 636 517 701 est
533 627 694 700 laborum
709 633 745 697 et
762 625 800 697 in
814 647 855 696 eo
869 624 984 698 omnis
1002 627 1148 700 tristitia
1166 633 1316 725 oessat¹3

227 759 299 808 non
318 734 414 806 enim
432 731 531 804 loeus
550 737 606 802 est
624 729 661 800 in
684 752 725 802 eo
743 728 868 818 labori,
885 751 951 799 neo
977 753 1061 825 pars
1089 733 1315 828 corruptioni.

174 918 175 924 ,
228 839 286 912 Ab
304 837 486 912 Abraham
505 840 700 929 coeperunt
725 831 897 926 mysteria
912 830 1004 925 ligni
1023 839 1058 904 et
1085 834 1169 932 agni
1195 837 1316 933 typici.

227 941 330 1013 Isaac
346 939 464 1034 imago
490 943 545 1008 est
571 933 665 1032 agni.
694 933 827 1006 Servus
854 957 993 1029 quoque
1019 935 1130 1010 Jacob
1145 935 1160 982 2
1177 937 1316 1032 lignum

225 1041 394 1134 ostendit,
406 1038 501 1137 quod
514 1061 594 1111 oum
607 1061 700 1134 aqua
717 1037 943 1133 conjunctum
958 1043 1021 1108 est.
1034 1039 1161 1135 Itaque
1179 1039 1318 1159 lignum

229 1145 377 1240 dignum
395 1145 465 1218 laet
451 1150 527 1216 tum
546 1149 611 1236 est,
629 1147 670 1213 ut
655 1139 863 1214 tChrist-us
894 1139 937 1210 de
965 1162 1006 1210 eo
1028 1141 1213 1236 penderet,
1234 1145 1318 1240 quia

213 1271 270 1321 os
289 1251 366 1346 ejus
391 1270 463 1320 non
490 1253 544 1318 est
569 1245 720 1319 fractum
739 1243 845 1316 ineo
873 1241 1037 1315 Terrae5
1056 1244 1156 1340 ligno
1182 1246 1318 1319 fruetus

167 1416 170 1422 .
226 1352 367 1444 eiust
331 1348 478 1431 attrahit
478 1372 540 1442 ur,
567 1347 676 1422 maris
702 1345 800 1442 ligno
827 1345 1056 1442 rapiunturt
1042 1348 1203 1421 thesauri
1229 1350 1314 1448 ejus.

226 1455 283 1526 Ita
300 1461 336 1526 et
355 1450 513 1571 eorporis
532 1458 568 1524 et
585 1450 734 1524 animae.
753 1449 807 1522 lst
794 1456 828 1519 te
846 1456 902 1522 est
905 1448 993 1543 ,qui
1011 1473 1201 1544 persuasus
1220 1459 1315 1526 esta

225 1556 343 1630 lurore
360 1553 614 1628 insanientium
631 1559 668 1625 et
687 1551 804 1626 silent
779 1559 829 1623 tro
842 1575 906 1624 suo
925 1550 1052 1625 similis
1068 1553 1135 1625 fuit
1121 1555 1315 1629 ttsurdo
1280 1560 1315 1627 et

227 1666 335 1753 muto,
354 1665 390 1732 et
408 1658 533 1753 vigore
553 1679 616 1731 suo
635 1663 671 1728 et
689 1655 849 1751 agilitate
870 1678 934 1728 sua
957 1653 1001 1727 ad
1028 1656 1174 1732 enoelsa
1189 1659 1314 1732 huma-

226 1761 348 1836 nitatis
368 1783 527 1836 oresoere
544 1759 637 1833 feeit.

328 1865 384 1938 Et
409 1887 526 1937 unus
558 1887 613 1936 ex
648 1859 892 1934 militibus
932 1865 1179 1957 percussit
1215 1889 1314 1960 eum

223 1967 400 2040 lancea.
429 1965 640 2063 Opprobriis
659 1963 732 2036 suis
751 1962 925 2036 Dominus
946 1988 1029 2037 suos
1047 1966 1179 2042 amieos
1205 1969 1314 2042 hono·

225 2070 317 2144 ravit
330 2069 357 2164 ²⁸,
384 2069 610 2144 infestatores
636 2072 756 2139 autem
782 2089 866 2138 suos
894 2065 1087 2161 infestavit,
1116 2077 1157 2142 ut
1183 2071 1315 2143 inimici

217 2173 497 2270 justitiam-ejus,
511 2171 615 2245 amioi
632 2168 911 2243 misericordiam
930 2171 1006 2267 ejus
1021 2171 1315 2270 disserentibus

223 2297 270 2347 ex
288 2275 400 2350 latere
419 2277 496 2374 ejus
514 2273 702 2371 egrediens
723 2271 911 2345 manifeste
934 2275 1147 2350 monstravit
1172 2277 1316 2372 sangui·

224 2401 317 2470 nem,
335 2379 602 2477 eujus'eulpam
627 2374 757 2448 Judaei
780 2375 818 2446 in
843 2399 881 2448 se
909 2377 1133 2452 contulerant
1147 2377 1174 2473 ⁵,
1197 2379 1261 2452 sed
1279 2387 1314 2451 et

210 2480 391 2555 exierunt
408 2505 532 2579 aquae,
548 2502 639 2578 quae
653 2477 698 2552 ad
712 2478 930 2575 expiandum
952 2479 1206 2556 accelerabant.
1226 2482 1314 2555 San·
1358 2573 1361 2580 Ι

223 2584 305 2678 guis
323 2593 471 2682 aspectu
485 2607 548 2657 suo
562 2589 686 2656 eontra
703 2582 888 2677 occisores,
901 2606 993 2678 aqua
1010 2585 1182 2679 mysterio
1197 2609 1260 2658 suo
1270 2583 1314 2657 de

223 2689 435 2782 purgatione
462 2687 655 2761 amisorum
682 2685 758 2780 ejus
776 2684 915 2758 elamat.
942 2685 990 2760 Et
1006 2687 1073 2760 hoo
1098 2690 1315 2779 factumest,

180 2817 189 2872 ¹,
221 2795 262 2861 ut
280 2791 422 2886 seirent,
442 2789 630 2885 Christum,
643 2795 723 2883 post
739 2795 890 2860 mortem
907 2787 1040 2861 vivere.
1062 2791 1242 2878 Quantum
1260 2789 1316 2862 illi

207 2893 401 2976 ¹oruaiatus
421 2897 497 2992 ejus
516 2893 706 2987 augebant,
721 2893 858 2961 tantum
876 2891 1037 2963 thesauri
1050 2892 1088 2964 in
1107 2917 1148 2966 eo
1166 2896 1314 2970 abscon-

221 2993 289 3068 diti
306 2997 568 3072 revelabantur.
585 2993 743 3066 Divitiae
761 2992 933 3066 eoelestes
959 2993 997 3066 in
1024 2994 1177 3090 singulis
1204 3018 1314 3068 mem-

143 3123 149 3135 ’
223 3097 298 3172 bris
316 3101 392 3198 ejus
411 3099 560 3174 diffusae
579 3103 691 3190 erant,
710 3096 863 3192 adquae
890 3119 999 3192 quum
1024 3099 1196 3173 oooisores
1216 3120 1314 3171 acoe-

223 3199 360 3299 derent,
377 3203 461 3277 illae
479 3202 684 3292 effluebant,
702 3205 742 3272 ut
768 3199 899 3272 amieos
917 3199 1083 3296 ditarent,
1105 3201 1312 3297 crucifigen-

222 3310 276 3378 tes
303 3313 421 3380 autem
449 3305 716 3379 ulciscerentur.
752 3301 905 3377 Cucurri
931 3303 1120 3379 adomnia
1154 3308 1313 3379 membra

205 3411 293 3502 tua,
310 3408 476 3503 Domine,
494 3416 530 3483 et
548 3432 594 3482 ex
612 3405 913 3480 omnibus'omnia
931 3405 1024 3479 dona
1041 3409 1161 3506 accepi
1188 3415 1224 3480 et
1248 3431 1313 3504 per

218 3508 317 3596 latus
341 3519 442 3586 tuum
468 3513 593 3586 lanoea
619 3508 836 3606 perforatum
865 3510 902 3581 in
933 3510 1137 3606 paradisum
1164 3511 1311 3586 circum·

301 3745 327 3800 l.
348 3745 398 3802 Ad
412 3743 555 3803 verbum
575 3743 704 3802 Omnis
721 3741 846 3799 tristitia
860 3741 1001 3801 infra
953 3747 1025 3804 es
1030 3744 1111 3811 ‚..ie
1138 3742 1313 3818 suparatur,

223 3825 335 3878 oessat·

300 3899 328 3956 2.
350 3901 425 3959 Gau.
438 3903 486 3975 30,
499 3901 547 3958 37.
562 3897 661 3957 Jacob
675 3899 748 3955 tunc
764 3896 920 3958 serviebat
931 3898 1067 3958 Labano

300 3979 330 4035 3.
351 3979 423 4038 Ita
415 3997 445 4036 m
462 3977 529 4037 ood
543 3977 579 4035 B.
594 3977 632 4034 In
658 3975 724 4034 eod.
733 3974 762 4032 A
784 3974 862 4034 falso
881 3977 1060 4038 “duoaest
1069 3979 1309 4054 praetoriae„

219 4053 310 4114 Hune
325 4055 426 4117 looum
440 4075 501 4116 non
515 4054 663 4128 intelligo.

298 4137 326 4192 4.
350 4134 444 4193 Smin
470 4134 537 4193 eod.
558 4133 645 4190 Β.Ιιι
671 4129 737 4190 eod
752 4130 893 4192 Afals0:
909 4156 923 4188 ιι
940 4133 1099 4192 Percussa
1122 4131 1190 4192 ille
1188 4133 1312 4194 amieos
1370 4197 1375 4205 ,

200 4249 203 4256 ·
218 4227 291 4272 suos
315 4214 469 4272 etiterum
484 4211 646 4271 honoravit
653 4231 679 4264 v.

300 4292 328 4350 5.
349 4293 398 4350 Ad
423 4293 569 4350 verbum:
596 4307 714 4365 uquam
738 4293 990 4365 susceperunt»,
1011 4290 1130 4351 seilicet
1155 4289 1311 4393 dieentes:

217 4367 330 4430 Veniat
352 4369 476 4447 sanguis
492 4371 558 4448 ejus
573 4384 665 4447 super
678 4383 745 4428 uos.
759 4366 858 4426 Maru.
871 4371 919 4442 at,
928 4369 976 4428 25.
