3260 5020
1235 300 1307 374 239

206 430 355 528 plicans
382 432 557 530 propheta
584 431 688 528 regni
709 425 853 506 Domini
872 429 1000 506 fiebat*
1025 428 1166 504 dicens:
1189 428 1305 502 Num

208 557 304 630 ‚ego
331 559 488 632 regem
514 542 724 634 uestrum
751 534 798 608 in
824 537 1007 608 crucem
1033 532 1192 628 agam?
1223 531 1306 630 My·

208 637 367 710 sterium
386 637 585 732 sanguinis,
601 638 662 734 qui
678 637 791 734 portis
809 660 928 712 corum
956 638 1225 734 aspergebatur,
1242 638 1304 708 a'n-

177 789 178 792 *
208 739 338 835 'gelum
363 741 583 814 mortiferum
612 747 648 812 ct
673 741 891 836 perditorem
916 741 961 814 ab
988 740 1039 812 eis
1057 740 1211 812 arcebat.
1245 737 1306 815 At

207 838 310 916 «hunc
327 849 446 918 autem
464 867 597 938 agnum
613 865 738 917 verum
757 867 839 916 suas
856 841 1096 940 blasphemias
1122 847 1306 914 converte-

207 953 310 1039 runt,
330 969 441 1042 eoque
468 946 657 1044 repudiato
681 942 883 1022 Barabbam
908 943 1121 1019 homicidam
1148 943 1216 1018 sibi
1240 965 1305 1040 po·

205 1047 403 1123 :stularunt

205 1220 209 1230 .
318 1150 411 1239 Quia
435 1151 686 1228 vestimentum
712 1175 931 1250 purpureum
958 1144 1151 1224 Dominum
1176 1147 1303 1223 indue·

204 1259 308 1348 runt,
325 1253 383 1326 hic
409 1255 556 1327 sustulit
580 1254 884 1351 regnumlsrabl.
911 1254 1099 1350 Quumque
1129 1275 1210 1324 curn
1236 1252 1304 1324 ite·

205 1379 292 1428 ¹rum
319 1356 553 1451 denudarent,
575 1358 801 1431 manifestum
827 1357 921 1451 lecit,
947 1356 1041 1454 quod
1071 1361 1222 1429 mortem
1248 1354 1302 1426 eis

202 1458 440 1554 relinqueret.
460 1459 574 1532 Porro
591 1485 751 1559 purpura
768 1484 849 1532 eum
874 1459 1080 1552 induerunt,
1097 1458 1191 1554 quia,
1209 1457 1303 1530 sicut

202 1570 289 1636 feum
316 1570 463 1659 propter
489 1562 624 1637 tributa
649 1561 956 1638 calumniabantur
982 1561 1163 1634 dicantes:
1193 1559 1301 1634 “Hic

207 1664 374 1758 prohibet
400 1664 534 1739 tributa
561 1666 646 1740 dare
665 1665 813 1740 Caesari
830 1704 845 1741 a
861 1665 889 1757 ²,
914 1665 1021 1738 itaet
1042 1670 1189 1762 propter
1214 1686 1301 1759 pur-

208 1777 336 1860 puram'
362 1767 553 1841 voluerunt
579 1791 661 1842 eum
687 1769 847 1842 occidere
887 1765 1068 1840 dicentes:
1097 1765 1233 1858 “Ecca
1260 1787 1301 1838 sc
1342 1761 1345 1768 ’

208 1867 326 1966 ipsum
348 1870 386 1942 in
411 1894 563 1965 regnum
590 1871 741 1947 intrudit
758 1911 786 1946 n.
814 1871 932 1960 Quum
958 1876 1108 1944 mortem
1136 1869 1169 1940 ei
1195 1891 1301 1965 para·

198 1978 301 2066 rent,
319 1973 590 2069 prophetarunt,
607 1981 647 2047 ut
665 1980 701 2047 ct
720 1974 885 2071 Caiphas.
904 1973 953 2046 Et
977 1973 1016 2046 in
1042 1993 1216 2046 corona
1241 1993 1298 2042 ax

209 2075 374 2170 spinis,
392 2075 431 2147 in
448 2077 525 2172 ejus
543 2076 745 2151 irrisionem
768 2082 992 2173 praeparata,
1006 2075 1222 2149 contrarium
1240 2093 1299 2146 ac·

208 2177 294 2250 cidit
311 2184 348 2250 et
366 2201 487 2252 eorum
506 2179 697 2252 infidelitas
716 2180 753 2253 in
770 2182 903 2253 bonum
921 2201 1093 2252 conversa
1113 2183 1178 2269 cst,
1196 2175 1297 2248 vide-

206 2277 302 2374 lieet,
320 2287 361 2354 ut
386 2305 452 2378 per
478 2305 557 2354 eam
583 2282 747 2354 inimicus
772 2283 988 2376 vinceretur,
1014 2281 1099 2379 quia
1121 2278 1299 2352 Dominus
1398 2363 1402 2371 ⁵

201 2405 272 2478 per
309 2407 409 2456 suam
439 2405 604 2458 coronam
640 2385 784 2458 sustulit
818 2385 1010 2460 maledicta
1038 2383 1139 2458 Adae
1165 2381 1297 2480 primi:

200 2505 224 2561 μα
251 2486 381 2584 Spinas
408 2493 444 2559 et
469 2488 620 2561 tribulos
647 2487 713 2564 tibi
740 2488 956 2584 germinabit
972 2528 987 2563 s
1003 2487 1040 2562 ³.
1074 2487 1132 2560 Et
1163 2507 1295 2582 spus-

116 2674 119 2679 ι
200 2597 317 2666 frunt
348 2589 587 2664 infaciem
614 2593 729 2688 ejus,
758 2589 819 2688 qui
840 2591 1036 2666 insufflavit
1052 2589 1104 2664 eis
1124 2584 1297 2688 Spiritum

200 2698 376 2770 sanctum.
403 2693 651 2768 Dederunt
678 2695 958 2767 arundinem
980 2694 1026 2766 in
1044 2692 1297 2788 manuejus,

200 2793 289 2888 quia
314 2795 490 2868 Dominus
516 2804 593 2870 crat
618 2796 766 2870 baculus
794 2803 998 2870 sustentans
1025 2795 1208 2886 mundum,
1234 2792 1298 2892 qui

201 2906 385 2992 senuerat,
403 2905 439 2970 at
456 2899 494 2972 in
516 2923 557 2972 eo
574 2899 798 2974 fulciebatur.
826 2901 873 2972 Et
895 2898 986 2972 sicut
1012 2894 1185 2972 arundine
1212 2919 1295 2968 con-

202 2998 394 3075 firmantur
414 3007 450 3075 at
467 3010 565 3076 ratae
583 3003 673 3076 fiunt
691 3001 888 3076 sententiae
900 3001 1073 3097 judicum,
1091 2999 1143 3072 ita
1168 3003 1204 3070 et
1223 2997 1297 3071 Do-

199 3102 325 3176 minus
342 3127 407 3201 per
426 3106 636 3180 arundinem
655 3103 851 3202 scripsit'et
869 3103 972 3202 ejecit
990 3127 1009 3176 c
1028 3104 1131 3176 domo
1150 3123 1215 3178 sna
1227 3100 1255 3174 ¹⁸.

199 3259 204 3268 ·
310 3206 454 3296 Quum
486 3209 633 3282 Judas
674 3201 1161 3300 videret,'Dominum
1196 3227 1294 3278 esse

168 3384 173 3394 ,
200 3309 579 3406 condemnatum,
606 3318 739 3385 aetus
766 3309 930 3384 dolore
957 3309 1078 3384 abiit
1101 3315 1146 3380 et
1171 3313 1293 3380 retu·
1394 3403 1395 3406 Ἴ

200 3409 266 3494 ‚lit
292 3412 501 3508 triginta
540 3421 797 3511 argenteos
836 3413 889 3486 ad
930 3411 1207 3485 sacerdotes
1248 3417 1294 3484 et

206 3514 296 3587 ait:
315 3515 530 3610 Peccaui,
558 3518 667 3615 quia
693 3517 967 3613 sanguinem
988 3516 1167 3614 justum
1203 3518 1293 3585 tra-

207 3615 317 3692 didi.
358 3618 533 3705 Dicunt
572 3620 636 3693 ei:
663 3621 765 3696 Non
805 3627 876 3692 est
913 3619 1048 3692 nobis
1084 3637 1205 3709 eura,
1244 3620 1294 3688 tu

199 3721 647 3827 :nostiEtprojecit
673 3728 922 3819 argentum
941 3717 1228 3816 intemplum
1249 3723 1295 3790 ct

283 3972 310 4027 l.
330 3969 432 4030 Locus
447 3990 488 4032 ax
498 3972 572 4034 cod.
584 3973 619 4030 B.
634 3973 823 4034 emendatus.

282 4049 310 4104 2.
332 4047 407 4106 nuo.
422 4051 470 4122 aa,
486 4054 514 4111 2.
541 4115 543 4120 .

282 4127 310 4184 a.
331 4127 406 4184 aaa.
421 4130 449 4204 a,
466 4131 512 4190 19.

196 4250 201 4258 .
281 4205 309 4262 4.
329 4205 379 4263 Ita
391 4205 468 4266 haec
483 4205 637 4270 sententia
649 4207 681 4268 in
695 4206 761 4270 cod.
782 4207 808 4267 B
832 4205 974 4270 habetur.
989 4207 1097 4270 Lectio
1124 4207 1190 4270 cod.
1204 4207 1233 4268 A
1247 4208 1292 4269 sic

202 4279 416 4418 {gffoptpestz
434 4285 510 4347 “Ita
524 4291 556 4347 et
575 4283 723 4350 Dominus
746 4289 930 4348 sententiam
945 4288 1069 4369 scripsit
1083 4290 1115 4350 et
1128 4285 1230 4351 amisit
1250 4311 1292 4356 ax

249 4421 253 4430 .
308 4378 322 4420 Β
347 4379 403 4424 au·
425 4403 429 4434 .'
