3260 5020
329 305 402 384 278

334 436 388 511 eis
405 462 485 514 esse
502 447 667 537 negatam
685 437 710 511 ¹.
729 437 801 512 Pro
819 435 935 532 gloria
948 435 1000 508 eis
1013 433 1091 529 fuit,
1104 432 1200 532 quud
1212 458 1334 512 eorum
1352 459 1426 516 non

331 548 393 614 est
418 542 598 636 misertus,
624 565 670 614 ne
699 541 861 639 privaret
879 538 1057 635 justitiam
1075 562 1118 610 eo
1146 539 1241 634 quod
1260 542 1426 636 justitiae

337 651 432 738 erat3
451 645 557 720 abiis
575 645 682 736 enim,
700 644 764 742 qui,
778 641 1059 716 misericordiam
1078 667 1125 714 ex
1142 642 1260 737 gratia
1281 667 1427 742 accepe-

336 754 432 843 runt,
448 748 541 820 tales
561 748 740 821 aestimati
758 753 852 838 sunt,
872 746 933 842 qui
953 745 1226 820 retributionem
1251 768 1299 818 ex
1318 748 1427 844 justi·

326 848 386 920 tia
402 858 625 948 acceperunt.
638 851 738 925 Siout
754 850 865 945 igitur
884 873 965 923 eum
979 847 1041 944 qui
1057 847 1274 945 reprehendi
1291 851 1428 948 nequit,

337 949 467 1047 decuit,
484 961 526 1026 ut
541 953 677 1050 aliquid
695 977 784 1048 erga
799 953 960 1029 infirmos
976 953 1120 1044 faceret,
1138 951 1232 1046 quod
1248 953 1427 1048 justitiam

337 1056 540 1150 excederet,
556 1057 608 1128 ita
634 1064 671 1129 et
697 1079 778 1129 eum
804 1055 867 1152 qui
893 1053 1177 1152 sapientissimus
1204 1061 1270 1148 est,
1294 1055 1426 1150 decuit,

336 1163 377 1230 ut
402 1158 440 1231 id
465 1182 537 1232 non
561 1160 704 1252 faceret,
731 1159 825 1254 quod
852 1167 1020 1254 tanquam
1046 1155 1135 1228 fines
1160 1155 1427 1234 misericordiae

336 1259 515 1334 excedens
531 1266 830 1336 contemneretur.
848 1261 984 1348 Verum
1003 1259 1034 1331 si
1050 1257 1151 1330 Deus
1174 1259 1289 1354 exigit
1306 1267 1342 1334 et
1367 1284 1427 1334 oc-

338 1363 436 1456 cidit,
461 1388 549 1438 num
573 1373 702 1440 natura
727 1365 866 1460 origine
893 1387 958 1436 sua
983 1360 1077 1434 mala
1103 1361 1142 1433 in
1168 1385 1210 1434 eo
1235 1363 1427 1459 proditur?

329 1467 456 1542 Absit.
471 1470 549 1540 Aut
566 1469 597 1540 si
614 1468 770 1540 clemens
788 1475 844 1540 est
860 1473 898 1538 et
923 1463 1126 1556 miseretur,
1143 1488 1229 1538 num
1254 1465 1431 1562 injustitia
1525 1495 1533 1502 ⁸

323 1591 420 1657 ‚cum
438 1571 654 1644 commovit?
675 1570 746 1644 Sed
763 1593 830 1644 neo
848 1567 988 1665 quando
1005 1565 1218 1640 condemnat
1229 1567 1257 1660 ²,
1279 1569 1318 1645 iu
1343 1569 1431 1644 duce

337 1672 496 1747 tuatione
523 1681 578 1746 est
616 1680 763 1772 propter
789 1671 1018 1761 desiderium,
1044 1676 1085 1746 ut
1111 1671 1217 1744 homo
1243 1672 1429 1768 poeniten

332 1771 425 1848 “tiam
443 1784 538 1870 agat,
556 1776 729 1872 quianon
745 1783 786 1848 ut
812 1775 983 1868 ignorans
1008 1772 1166 1846 clemens
1192 1780 1248 1846 est
1265 1780 1302 1846 ct
1322 1774 1429 1848 mise·

338 1883 450 1972 retur,
467 1901 533 1954 nee
552 1878 786 1974 cogitationes
803 1879 880 1975 ejus
897 1877 936 1950 in
954 1876 1081 1950 timore
1095 1882 1134 1948 et
1149 1877 1332 1950 anxietate
1350 1897 1430 1950 ver·

340 1987 474 2075 santur,
492 2005 578 2054 num
595 1982 746 2058 forsitan
762 1981 868 2054 homo
885 1985 1125 2071 convertatur,
1143 1979 1245 2076 quasi
1262 1979 1331 2052 hoc
1348 2004 1430 2052 cum

337 2079 448 2156 lateat
461 2083 487 2155 ³.
506 2084 643 2159 Verum
661 2084 752 2156 sicut
769 2081 1008 2184 praescientia
1025 2083 1103 2178 ejus
1119 2082 1158 2154 in
1184 2107 1227 2156 eo
1254 2090 1322 2176 est,
1341 2083 1432 2156 hacc

327 2182 418 2281 ipsa
434 2187 474 2260 fit
487 2209 551 2260 vas
569 2187 887 2262 administrationis
905 2191 941 2258 et
959 2185 1235 2281 dispensationis
1251 2186 1431 2283 benignae

338 2309 424 2362 suae
442 2289 647 2364 voluntatis.
673 2291 724 2364 Et
746 2289 888 2387 quando
910 2289 1004 2385 quod
1024 2289 1164 2385 justum
1191 2296 1257 2382 est,
1278 2287 1430 2386 judicat,

336 2399 399 2464 aut
427 2392 568 2490 quando
594 2393 796 2486 miseretur,
817 2391 1003 2487 utriusque
1029 2393 1284 2464 consummatio
1310 2391 1430 2466 lucide

330 2489 456 2568 'coram
475 2519 517 2568 eo
536 2503 646 2591 patet,
664 2496 750 2590 quio
773 2497 862 2568 haec
888 2517 959 2566 non
986 2491 1075 2566 latet
1092 2517 1174 2566 eum
1192 2495 1254 2590 qui
1281 2495 1360 2591 ipsc
1386 2495 1430 2567 il·

337 2595 409 2670 lius
435 2604 490 2670 est
515 2605 647 2671 auctor.
675 2597 833 2671 Mundus
860 2595 919 2669 hie
944 2596 1079 2694 patitur
1106 2620 1188 2670 cum
1215 2593 1427 2693 unoquoque

336 2707 509 2793 nostrum,
527 2699 549 2772 i.
568 2723 598 2774 e.
617 2724 682 2774 nos
699 2723 764 2798 per
789 2724 856 2773 nos
882 2723 962 2772 cum
978 2699 1088 2795 ipsos,
1114 2699 1214 2772 Deus
1232 2723 1318 2772 vero
1347 2707 1426 2771 tan·

337 2809 415 2874 tum
431 2826 497 2900 per
516 2802 711 2896 scientiam,
727 2810 768 2877 ut
785 2810 821 2876 et
839 2827 905 2876 nos
922 2825 1003 2876 cum
1020 2825 1063 2874 eo
1080 2802 1142 2898 qui
1160 2801 1259 2894 'febri
1274 2801 1428 2895 laborat,

336 2929 402 3004 per
419 2905 605 2980 scientiam
621 2911 760 2980 tantum
778 2907 946 3002 patimur.

418 3227 444 3280 l.
466 3222 580 3282 Confer
594 3221 676 3280 dicta
690 3220 829 3297 superius
844 3222 881 3280 da
895 3221 1044 3300 parabola
1053 3220 1266 3298 operariorum
1284 3219 1426 3282 intinere

415 3304 444 3357 2.
467 3303 516 3358 Ita
529 3301 559 3358 in
569 3301 678 3358 cod.B.
693 3301 729 3356 In
745 3299 811 3356 cod.
826 3302 868 3358 A:
886 3299 974 3359 “Nee
986 3299 1109 3378 quando
1125 3315 1192 3356 eam
1208 3299 1427 3360 Condemssflttr.

415 3382 443 3436 3.
465 3379 550 3437 Haec
565 3379 720 3437 sententia
735 3397 774 3435 ex
800 3379 903 3436 cod.B
918 3384 1059 3437 correcta
1083 3380 1147 3450 ast3
1172 3377 1203 3434 iu
1227 3378 1295 3436 cod.
1310 3379 1338 3435 A
1351 3393 1427 3436 non-

208 3457 212 3460 ’
260 3501 271 3519 .
335 3457 420 3516 nulla
433 3459 586 3516 vocabula
601 3457 721 3514 desunt.
