3218 5024
1230 339 1274 410 43

187 490 321 539 annum
347 488 429 538 eum
455 489 527 540 non
552 464 731 539 tentavit?
759 464 853 554 Quia
882 465 1024 563 signum
1050 467 1275 541 manifestum

187 570 384 646 divinitatis
396 571 480 667 ejus
499 571 543 642 de
565 569 662 642 coelo
680 570 803 642 datum
828 592 901 643 non
922 579 1000 645 erat
1017 579 1054 644 et
1070 571 1214 646 humilis
1232 578 1273 644 ut

186 675 339 772 quilibet
356 675 448 746 alius
465 675 569 747 homo
587 677 793 770 apparebat,
820 697 886 746 nec
912 676 1100 771 magnifica
1117 677 1275 748 testimo-

186 781 248 852 nia
260 781 298 851 in
311 780 443 876 populo
456 775 619 871 habebat,
631 779 780 851 Satanas
793 779 1024 852 tentationem
1039 781 1115 876 ejus
1127 787 1275 877 praeter-

188 885 297 978 misit,
316 883 427 956 donec
451 883 539 955 haec
557 883 636 955 fieri
653 882 860 980 inciperent.
886 884 935 956 Et
962 908 1072 980 quum
1093 883 1273 956 audisset:

188 1010 205 1045 α
222 988 314 1059 Ecce
340 987 440 1061 venit
465 1011 580 1082 agnus
606 987 675 1059 Dei
702 995 738 1059 ot
763 988 794 1060 is
822 994 887 1082 est,
914 989 976 1084 qui
1001 987 1096 1061 tollit
1129 995 1275 1084 peccata
1311 979 1400 1094 ‘ll'
1416 1002 1468 1074 bt·
1519 1061 1521 1068 ,
1588 991 1590 998 ’

185 1092 311 1164 mundi
324 1131 352 1186 n,
370 1091 475 1164 valde
493 1091 636 1188 quidem
653 1091 845 1189 obstupuit,
873 1091 936 1164 sed
963 1091 1195 1190 exspectavit,
1213 1091 1275 1165 dc·

137 1291 140 1296 A
184 1219 252 1268 nec
269 1195 523 1293 baptizaretur,
542 1201 582 1267 ut
594 1194 744 1290 videret,
761 1201 882 1270 utrum
899 1201 1080 1294 tamquam
1098 1195 1273 1294 baptismo

186 1300 354 1395 indigens
373 1300 626 1397 baptizaretur.

263 1404 266 1410 ’
289 1403 477 1499 Quumque
490 1403 684 1504 exlumine
700 1412 1078 1501 merQm
1083 1410 1119 1475 et
1132 1426 1178 1476 ex
1185 1426 1272 1477 voce

183 1508 229 1580 de
257 1508 354 1580 coelo
381 1507 529 1606 delapsa
554 1507 790 1602 cognovisset,
817 1532 899 1582 eum
924 1515 964 1580 ut
993 1507 1272 1603 indigentiarum

183 1612 406 1710 expletorem
418 1613 456 1683 in
469 1635 598 1708 aquam
616 1611 852 1707 descendisse,
870 1635 942 1684 non
955 1635 1038 1686 vero
1052 1619 1092 1684 ut
1109 1609 1272 1706 indigen·

182 1721 256 1787 tem
274 1717 320 1788 ad
341 1717 556 1813 baptismum
582 1715 734 1810 venisse,
762 1739 881 1789 secum
907 1716 1133 1814 perpendens
1157 1715 1271 1788 dixit:

180 1819 264 1892 Nisi
289 1821 328 1892 in
354 1821 545 1893 certamine
564 1825 599 1891 et
616 1842 681 1916 per
697 1822 928 1893 tentationem
955 1844 1036 1892 eum
1061 1819 1271 1917 probavere,

179 1946 394 2018 cognoscere
411 1949 484 1996 non
499 1931 634 2022 potero,
652 1923 714 2018 qui
730 1923 791 1996 ille
811 1925 867 1998 sit.
882 1925 1023 1998 Rursus
1039 1924 1106 1996 hcc
1123 1923 1202 1995 ideo
1220 1913 1238 1996 f
1257 1967 1272 1982 ·

179 2035 277 2099 ctum
296 2035 361 2122 est,
374 2027 672 2125 quiaBeneficum
684 2051 756 2100 non
773 2028 940 2126 oportuit,
953 2035 994 2100 ut
1005 2027 1181 2100 voluntati
1193 2028 1270 2124 ejus

179 2133 244 2226 qui
262 2132 402 2204 adeum
419 2133 630 2206 tentandum
646 2131 756 2225 venit,
774 2132 968 2206 resisteret.
984 2131 1187 2221 Quinimmo
1206 2132 1268 2204 ille

180 2259 249 2307 nec
266 2259 375 2309 ausus
394 2244 489 2310 esset
502 2261 583 2308 eum
596 2243 745 2332 tangere
765 2243 801 2308 et
818 2237 1004 2330 deducere,
1018 2236 1113 2333 quia,
1126 2259 1271 2331 quomo-

179 2339 225 2411 do
245 2363 327 2413 eum
344 2347 509 2434 tentaret,
524 2341 683 2414 nescivit.
702 2339 853 2414 Satanas
871 2365 942 2414 non
954 2341 1054 2438 prius
1068 2339 1114 2412 ad
1130 2345 1270 2412 tentan-

155 2459 157 2464 '
181 2443 268 2517 dum
287 2445 445 2538 accessit,
465 2469 572 2541 quam
599 2444 774 2518 Dominus
792 2445 838 2516 ad
855 2452 1035 2518 certamen
1052 2445 1129 2542 ipse
1151 2467 1189 2517 se
1208 2466 1271 2541 pa-

179 2549 286 2642 ravit,
305 2556 341 2621 et
357 2549 527 2622 virtutem
545 2548 698 2646 Spiritus
717 2549 762 2622 ad
780 2548 1019 2622 dimicandum
1035 2548 1161 2622 induit.

283 2653 464 2726 Eduxit
499 2677 598 2726 eum
634 2651 1081 2750 Spiritussanctus
1117 2651 1163 2725 in
1198 2651 1269 2724 de·

179 2764 371 2850 sertum,
399 2765 447 2831 ut
472 2764 747 2830 tentaretur
774 2782 796 2830 a
822 2757 1028 2852 diabolo,
1055 2758 1112 2830 oui
1138 2780 1184 2829 ex
1203 2780 1269 2829 sua

177 2862 451 2934 mansuetudine
468 2861 634 2935 resistere
652 2861 778 2954 noluit,
804 2885 849 2932 ne
877 2862 966 2934 forte
990 2863 1175 2936 audientes
1194 2860 1269 2932 ani-

178 2988 279 3036 mum
296 2967 526 3062 deponerent,
545 2967 732 3062 opinantes
748 2966 773 3059 ¹,
793 2989 874 3036 eum
901 2971 1092 3062 propterea
1119 2963 1214 3062 quod
1231 2964 1270 3036 in

180 3071 376 3143 certamine
403 3069 611 3168 praevalere
638 3092 710 3141 non
735 3075 867 3166 posset,
894 3093 974 3140 cum
999 3076 1176 3142 tentatore
1204 3091 1268 3140 suo

177 3175 349 3267 congredi
374 3174 556 3268 noluisse,
585 3182 621 3246 et
645 3172 868 3270 praesertim,
893 3197 939 3244 ne
966 3173 1046 3267 quis
1071 3171 1268 3245 infidelium

177 3283 408 3372 praetextum
433 3279 582 3351 haberet
608 3276 758 3368 dicendi,
786 3265 958 3373 Spiritum
976 3275 1068 3348 Filio
1094 3275 1268 3373 posterio-

178 3404 258 3453 rem
272 3388 308 3453 et
319 3381 522 3456 inferiorem
541 3405 630 3455 esse.
650 3381 689 3456 Si
706 3381 752 3452 ad
769 3387 949 3454 certamen
967 3387 1004 3453 et
1020 3404 1178 3478 pugnam
1189 3387 1268 3452 tan-

179 3490 259 3556 tum
277 3509 359 3558 eum
377 3486 570 3580 eduxisset,
596 3509 668 3558 non
686 3492 805 3556 autem
822 3485 868 3557 ad
884 3486 1055 3559 honorem
1074 3508 1214 3581 quoque
1232 3490 1269 3556 et

179 3589 349 3686 quietem,
361 3598 456 3664 recte
469 3591 617 3662 forsitan
632 3589 740 3662 dubia
752 3596 908 3661 mentem
921 3591 1192 3687 disputatorum,
1207 3587 1269 3684 qui

179 3695 272 3768 haec
289 3693 508 3791 perscrutari
525 3685 642 3766 conati
659 3699 752 3786 sunt,
771 3694 972 3766 subiissent.
991 3695 1043 3766 At
1060 3694 1090 3766 si
1104 3692 1196 3765 Filio
1213 3693 1268 3763 in·

177 3799 289 3871 ferior
303 3807 357 3872 est
370 3799 536 3895 Spiritus,
550 3821 660 3894 quare
676 3797 826 3894 Spiritui
839 3797 922 3869 data
940 3805 994 3871 est
1010 3803 1167 3894 potestas
1182 3795 1268 3867 edu-

179 3903 285 3974 cendi
303 3925 384 3976 eum
400 3903 439 3974 in
452 3901 658 3976 desertum?
675 3902 770 3975 Nam
788 3907 969 3996 tamquam
986 3905 1162 3998 potestate
1175 3923 1266 3996 prae-

181 4006 280 4079 ditus
299 4007 475 4104 apparuit,
503 4031 612 4102 quum
630 4029 711 4078 eum
725 4005 900 4078 educeret.
928 4005 1031 4093 Quod
1050 4010 1168 4078 autem
1188 4003 1268 4099 Spi-

181 4111 274 4184 ritus
293 4133 374 4184 eum
392 4112 517 4185 eduxit
534 4111 571 4182 in
589 4109 780 4203 desertum,
803 4115 843 4181 ut
861 4115 1059 4184 tentaretur
1077 4132 1099 4180 a
1116 4108 1267 4202 diab010,

263 4375 290 4430 1.
311 4347 468 4435 Sententia
480 4377 557 4436 baec
575 4393 615 4436 cx
629 4377 697 4436 cod.
711 4373 737 4433 B
758 4375 898 4435 correcta
912 4374 969 4431 est.
983 4373 1020 4430 In
1034 4371 1102 4432 cod.
1115 4371 1144 4430 A
1157 4369 1266 4430 houna

184 4455 243 4528 est,
258 4470 336 4530 quae
349 4455 426 4518 falsa
438 4458 617 4536 conjectura
629 4455 660 4518 in
674 4454 763 4518 textu
776 4452 925 4530 impresso
935 4453 1061 4531 expleta
1072 4453 1130 4512 est.
