3280 5028
1108 341 1110 344 ·
1223 309 1294 394 133

206 435 313 521 datur
346 436 498 516 salvatio
523 437 693 537 mysterio
720 437 903 538 sanguinis
931 438 1008 537 ejus
1034 436 1198 538 copulata
1222 443 1290 514 est.

180 572 187 582 ·
206 539 340 622 Vinum
357 544 473 638 dulce,
491 543 585 641 quod
611 543 718 620 corda
742 552 867 638 mutat,
885 544 994 639 dedit,
1011 551 1052 622 ut
1078 543 1292 639 ostenderet,

204 645 404 728 doctrinam
439 649 546 724 corda
579 656 776 728 mutantem
807 672 868 722 eos
893 671 983 724 esse
1023 647 1291 724 inebriaturam.

204 748 309 853 Quod
321 759 404 852 ante
422 759 499 832 orat
515 776 617 848 aqua,
631 753 668 824 in
687 753 867 850 amphoris
886 750 1038 828 mutarit
1054 751 1092 824 in
1108 751 1241 847 vinnm,
1255 755 1292 824 st

202 856 390 951 antiquum
414 856 620 933 mandatum
646 858 797 932 mutavit
814 857 853 932 in
878 855 1140 954 perfectionem.
1166 857 1291 952 Aquas

201 959 374 1054 perduxit
398 959 444 1034 od
468 961 722 1058 praestantiam
748 967 784 1036 et
809 960 929 1056 legem
954 960 999 1036 ad
1024 958 1288 1058 perfectionem.

204 1059 366 1140 Eandem
382 1059 483 1138 illam
501 1087 630 1160 aquarn
647 1063 814 1144 convivae
841 1065 1020 1158 biberunt,
1039 1063 1102 1136 sed
1133 1086 1205 1138 non
1220 1085 1291 1159 qua

201 1188 334 1261 aquam
352 1189 431 1242 eam
448 1167 624 1244 biberunt.
654 1167 826 1268 Quamvis
856 1168 974 1265 legera
992 1167 1148 1265 priorem
1167 1167 1289 1242 audia-

203 1293 296 1366 mus,
314 1275 434 1346 tamen
451 1277 491 1344 ut
520 1273 559 1348 ia
585 1271 654 1346 fine
673 1295 752 1349 eam
765 1301 769 1310 ·
781 1278 976 1368 gustamus.
1007 1271 1095 1346 Post
1113 1272 1201 1350 haec
1218 1271 1291 1347 ola-
1365 1348 1367 1352 ,

202 1397 289 1468 pam
307 1397 387 1449 cum
405 1375 510 1471 alapa
526 1377 742 1473 permutavit
757 1375 782 1471 ¹,
800 1375 979 1470 nimirum,
995 1374 1026 1448 si
1043 1375 1081 1448 id
1098 1375 1192 1472 quod
1210 1399 1292 1472 per-

202 1476 338 1552 fectum
356 1485 424 1572 est,
439 1479 598 1574 facimus,
616 1485 657 1556 ut
674 1479 784 1556 dixit:
805 1502 820 1540 a
838 1479 975 1576 Siquis
1006 1486 1042 1556 tc
1072 1479 1291 1577 percusserit

201 1579 245 1657 in
263 1581 458 1676 maxillam,
478 1585 610 1680 praebe
628 1584 663 1658 ei
679 1590 715 1656 et
732 1583 881 1660 alteram
898 1622 927 1662 n.
1114 1649 1115 1654 ,
1242 1641 1244 1649 -

306 1685 381 1760 Sed
408 1687 684 1764 considerarim
704 1689 779 1785 ejus
806 1687 1014 1764 creatricem
1039 1685 1157 1762 omnia
1182 1709 1292 1784 pens·

203 1794 373 1863 tractem.
393 1789 567 1869 Dominus
592 1790 777 1889 paululum
803 1791 908 1888 panis
938 1791 1089 1888 sumpsit
1106 1797 1143 1864 ot
1161 1789 1200 1864 in
1217 1792 1292 1864 ictu

201 1891 300 1967 oculi
318 1892 577 1992 multiplicarit.
597 1896 701 1983 Quod
726 1895 888 1984 homines
913 1919 977 1992 per
1004 1895 1126 1972 decem
1152 1917 1295 1970 menses

203 2019 357 2092 operoso
374 1997 496 2072 labore
514 1999 649 2076 faciunt
664 2005 701 2078 et
719 2006 941 2094 convertunt,
955 1999 1078 2074 decem
1094 1999 1171 2095 ejus
1189 1997 1294 2095 digiti

201 2100 322 2176 subito
352 2101 523 2176 fecerunt.
544 2102 739 2200 Supposuit
756 2103 907 2200 panibus
934 2125 1077 2178 manum
1094 2101 1197 2200 quasi
1223 2109 1295 2176 ter-

202 2227 283 2279 ram
300 2211 337 2278 et
363 2229 471 2303 super
490 2230 550 2282 eos
576 2208 678 2303 quasi
705 2207 841 2284 tonitru
865 2206 1031 2304 loquutus
1059 2211 1124 2281 est.
1154 2203 1294 2281 Motum

200 2305 379 2384 labiorum
393 2333 544 2388 suorum
561 2317 601 2386 ut
618 2311 766 2388 imbrem
798 2333 905 2407 super
924 2334 984 2386 sos
1017 2309 1160 2408 sparsit,
1177 2315 1215 2384 st
1231 2333 1295 2386 ox·

201 2409 337 2506 halatio
361 2413 565 2488 fervescens
590 2415 664 2490 oris
684 2417 759 2512 ejus
787 2414 873 2488 solis
890 2415 986 2492 vices
1018 2413 1177 2512 explerit
1194 2419 1231 2488 et
1256 2413 1296 2492 in

120 2527 122 2532 ’
200 2523 335 2610 puncto
354 2518 525 2614 temporis
540 2517 555 2564 2
570 2518 720 2615 ,perfecit
737 2526 773 2592 et
791 2517 1058 2610 consummarit,
1071 2518 1167 2616 quod
1184 2515 1293 2614 longo

199 2625 364 2716 tempore
382 2620 627 2722 unusquisque
645 2623 738 2700 facit.
757 2621 868 2700 Panis
888 2646 986 2720 ergo,
1000 2621 1188 2721 paucitatis
1207 2644 1293 2702 suas

200 2722 348 2820 oblitus,
368 2749 414 2802 ex
437 2724 555 2802 media
581 2750 645 2802 sua
669 2727 848 2823 paucitate
874 2727 1139 2802 multitudinem
1164 2749 1294 2822 proge-

201 2825 296 2921 nuit,
327 2834 366 2903 ut
397 2828 430 2904 ei
460 2829 618 2926 aequalis
649 2831 761 2924 fieret,
792 2831 853 2927 qui
883 2830 1019 2926 primus
1049 2830 1232 2908 benedixit
1256 2834 1294 2902 et

204 2929 318 3006 dixit:
335 2955 350 2992 s
369 2931 528 3008 Crescite
548 2939 584 3006 et
601 2933 885 3032 multiplicamini
903 2940 939 3006 et
956 2934 1100 3032 implete
1118 2941 1250 3008 terram
1262 2971 1292 3007 s.

205 3034 304 3110 Nam
332 3060 445 3136 panes
472 3035 534 3112 isti
559 3038 675 3134 azymi
692 3039 794 3135 quasi
819 3036 970 3115 feminae
998 3038 1137 3116 steriles
1157 3043 1193 3108 ct
1211 3035 1296 3113 filiis

204 3141 316 3212 orbae
341 3165 407 3238 per
434 3139 698 3215 benedictiones
725 3143 801 3240 ejus
827 3148 1016 3215 creuerunt
1040 3147 1076 3214 et
1111 3139 1296 3218 duodecim

207 3241 440 3339 cophinorum
457 3245 679 3340 fragmentis,
697 3269 787 3343 quae
806 3268 852 3318 ex
872 3243 923 3318 eis
940 3247 1187 3340 nascebantur,
1204 3243 1297 3318 mul-

206 3345 361 3444 tiplicati
388 3355 481 3424 sunt.

311 3451 424 3528 Porro
443 3451 608 3530 Christus
622 3455 731 3532 verbo
746 3477 808 3530 suo
834 3451 909 3528 rim
926 3450 1132 3550 potentias3
1152 3451 1204 3528 eis
1219 3451 1296 3548 qui-

206 3554 277 3628 bus
295 3563 525 3654 praeceptum
544 3556 702 3652 dederat,
720 3563 757 3632 et
774 3557 993 3635 celeritatem
1015 3557 1187 3632 donorum
1214 3580 1295 3633 suo·

205 3681 289 3736 rum
302 3659 353 3736 eis
363 3660 425 3758 qui
435 3684 477 3738 aa
486 3659 716 3757 accipiebant,
726 3661 946 3738 monstravit.
956 3662 1127 3736 Attamen
1136 3683 1208 3734 non
1216 3666 1295 3734 tan-

205 3765 286 3838 tum
294 3787 405 3860 panes
421 3763 682 3862 multiplicarit,
697 3773 867 3862 quantum
878 3773 1028 3862 poterat,
1043 3765 1105 3840 sed
1122 3769 1295 3861 quantum

204 3865 354 3944 edentes
380 3875 548 3966 poterant
572 3869 798 3948 manducare.
825 3867 1001 3946 Miracula
1018 3868 1112 3945 enim
1138 3892 1209 3942 non
1229 3890 1295 3968 pro

206 3991 275 4042 sua
286 3971 430 4068 virtute,
445 3973 509 4047 sed
527 3995 592 4070 pro
610 3973 807 4070 indigentia
823 3974 1055 4048 esurientium
1071 3961 1295 4046 metiebatur.

206 4213 209 4220 ·
290 4190 318 4248 1.
339 4188 463 4267 Confer,
477 4208 557 4268 quae
572 4207 597 4248 s.
611 4196 721 4264 auctor
734 4211 770 4252 sn
809 4193 879 4253 aad
890 4194 989 4254 unua.
1000 4195 1029 4269 5,
1043 4197 1081 4255 39
1096 4193 1227 4256 dixerat

288 4269 318 4327 2.
338 4269 390 4328 Ita
402 4273 460 4328 est.
474 4271 507 4330 in
520 4269 586 4332 cod.
606 4271 642 4330 B.
654 4271 692 4330 In
720 4291 756 4334 co
780 4273 830 4334 .A
856 4273 933 4334 falso
959 4277 1008 4334 est
1030 4279 1295 4351 affluentiores&

205 4361 266 4424 pro
281 4355 494 4423 apere-[medin
1267 4353 1269 4365 ,

287 4426 846 4496 3.1taincod.B.1ncod.Ara1so:
867 4431 1049 4494 emetitatis.
1133 4497 1141 4516 ,
1191 4479 1193 4486 .
