3218 5024
1216 344 1286 413 105

198 475 238 541 ut
255 467 350 565 quod
369 465 457 540 fides
474 463 662 564 promittit,
689 465 862 564 patientia
888 471 1096 564 exequatur.
1118 467 1168 542 Os
1184 468 1287 542 Eliae

197 573 290 644 bona
307 571 520 662 continebat,
545 570 629 664 quia
646 594 685 643 os
704 571 779 667 ejus
805 576 909 666 porta
926 580 1003 643 erat
1019 573 1210 664 bonorum;
1237 572 1288 644 ita

199 681 235 745 et
252 697 292 745 os
310 674 454 746 Ioannis
473 680 509 744 et
526 671 733 766 ligationem
747 678 783 743 et
797 672 1007 744 solutionem
1026 673 1184 767 perfecit.
1200 674 1287 746 Cor-

197 776 294 848 rexit
320 782 465 870 pecoata
490 798 554 870 per
581 775 837 866 remissionem,
865 780 901 844 et
918 775 1149 847 sanctificavit
1175 799 1286 870 aquas

196 878 242 948 ad
261 874 508 972 expiationem.
528 875 673 970 Moyses
699 876 871 972 populum
887 899 1000 970 usque
1027 877 1072 950 ad
1098 877 1287 950 Iordanem

197 979 313 1071 duxit,
332 987 368 1050 et
385 979 446 1050 lex
464 1001 577 1074 genus
593 978 786 1050 humanum
804 977 973 1074 perduxit
999 979 1053 1078 ad,
1070 979 1287 1075 baptismum

196 1081 353 1153 Ioannis.
1105 1089 1108 1099 '

304 1182 343 1254 Si
360 1205 463 1254 nemo
484 1181 595 1278 major
622 1188 699 1254 erat
711 1181 805 1253 inter
832 1187 934 1254 natos
953 1206 974 1254 a
991 1183 1152 1276 muliere,
1174 1206 1282 1280 quam

195 1283 362 1374 Ioannes,
385 1284 469 1378 quia
494 1291 576 1356 ante
593 1285 719 1356 faciem
746 1284 821 1379 ejus
847 1285 956 1377 venit,
983 1293 1114 1380 quanto
1131 1287 1284 1381 majores

197 1393 303 1457 erunt
328 1386 395 1478 illi,
431 1410 580 1480 quorum
607 1388 717 1482 pedes
744 1382 843 1478 lavit,
870 1387 970 1458 etin
996 1411 1084 1482 quos
1111 1388 1284 1483 Spiritum

196 1512 301 1560 suum
318 1487 544 1561 insufflavit?
563 1490 602 1562 Si
619 1491 783 1581 Ioannes,
801 1487 862 1582 qui
880 1511 960 1560 eum
979 1489 1184 1584 baptizavit,
1210 1514 1284 1562 ma-

193 1613 288 1684 gnus
307 1597 373 1682 est,
401 1598 533 1684 quanto
560 1591 675 1685 magis
693 1591 767 1683 ille,
795 1590 910 1685 quiin
930 1591 1010 1663 sinu
1027 1592 1103 1687 ejus
1122 1591 1284 1686 quievit?

192 1693 239 1766 In
257 1693 483 1765 Iudaautem
500 1692 683 1786 traditore,
702 1717 807 1788 quem
824 1692 924 1786 lavit,
939 1693 1089 1786 gradum
1108 1701 1144 1766 et
1161 1716 1285 1766 nume·

190 1818 273 1867 rum
291 1794 545 1890 Apostolorum
562 1795 758 1868 honoravit.
786 1794 904 1882 Quum
929 1797 1092 1889 Ioannes,
1118 1797 1180 1891 qui
1203 1818 1284 1868 eum

191 1897 399 1991 baptizavit,
414 1897 575 1969 omnibus
589 1897 682 1969 natis
696 1898 806 1995 major
819 1897 897 1985 luit,
915 1897 1077 1992 majores,
1088 1923 1193 1992 quam
1207 1897 1282 1990 ille,

192 1999 339 2071 fuerunt
355 1998 532 2094 Apostoli,
542 2022 690 2093 quorum
705 1999 814 2094 pedes
840 1999 1014 2070 Dominus
1045 1999 1134 2072 lavit
1151 1999 1174 2072 ¹.
1193 2000 1284 2074 Ideo
1315 2064 1320 2074 .

190 2101 304 2173 Iudae
318 2099 445 2174 melius
459 2101 594 2192 fuisset,
615 2101 763 2174 sinatus
780 2124 852 2172 non
869 2107 975 2194 esset,
994 2101 1077 2196 quia
1090 2102 1282 2175 Dominum

188 2202 383 2294 infestavit,
411 2203 472 2298 qui
499 2227 579 2275 eum
606 2204 737 2275 Ioanne
765 2203 934 2299 majorem
963 2203 1056 2277 fecit.
1085 2205 1200 2300 Major
1227 2210 1283 2275 est

187 2307 343 2378 Ioannes
360 2305 464 2398 natis,
484 2305 546 2376 sed
573 2305 650 2401 ipso
668 2305 778 2400 major
797 2312 852 2376 est
869 2305 931 2376 ille
958 2305 1136 2399 minimus,
1163 2305 1281 2401 quiin

188 2407 309 2478 locum
335 2406 445 2479 Iudae
463 2408 619 2480 intravit.
647 2407 745 2480 Sicut
771 2406 937 2482 thronum
954 2410 1064 2481 Iudae
1081 2407 1281 2481 haeredita·

188 2508 256 2598 vit,
275 2509 326 2580 ita
344 2516 379 2580 et
397 2510 473 2604 ejus
501 2509 679 2582 lotionem.
709 2531 724 2566 e
742 2509 781 2582 Si
799 2510 859 2604 ibi,
888 2511 948 2604 ait,
976 2519 1031 2584 est
1056 2511 1151 2584 filins
1170 2510 1280 2607 pacis,

191 2633 300 2683 secus
318 2611 363 2682 ad
381 2634 445 2684 vos
464 2619 663 2684 revertetur
677 2612 726 2686 222.

297 2713 375 2786 Hac
400 2720 519 2784 autem
545 2715 681 2786 ratione
709 2709 811 2808 dixit,
838 2715 971 2787 Ioanne
998 2718 1168 2813 majorem
1186 2714 1280 2786 inter

187 2821 296 2887 natos
331 2815 520 2887 mulierum
536 2839 608 2888 non
625 2813 745 2908 luisse,
774 2824 814 2889 ut
831 2818 1027 2912 patefieret,
1041 2808 1043 2814 ’
1056 2842 1093 2891 se
1113 2819 1156 2888 de
1184 2822 1282 2888 ante·

189 2918 393 2990 sessoribus
406 2918 551 2990 Ioannis
566 2926 601 2990 et
614 2919 658 2990 de
676 2919 831 3014 antiquis
846 2919 883 2991 in
900 2921 1193 3016 praecedentibus
1208 2941 1282 2990 ser·

188 3043 335 3092 monem
361 3019 571 3113 instituisse,
599 3021 734 3092 scilieet
760 3021 804 3092 de
830 3022 1026 3116 prophetis,
1044 3020 1279 3120 praeconibus

189 3127 228 3193 et
246 3122 559 3218 praedicatoribus.
580 3123 650 3195 Sed
667 3123 879 3196 novissimos
898 3145 1103 3219 praecones,
1121 3123 1182 3218 qui
1201 3121 1281 3217 Spi-

188 3224 267 3296 ritu
285 3225 478 3320 baptizant,
498 3225 616 3297 decuit
634 3249 712 3298 esse
733 3227 885 3320 majores
913 3248 954 3296 eo
981 3227 1042 3320 qui
1055 3249 1147 3322 aqua
1162 3224 1279 3319 bapti·
1400 3301 1404 3310 ,

188 3327 299 3399 zavit.
321 3327 468 3418 aulum,
487 3327 547 3418 ait,
565 3335 704 3422 oportet
717 3350 892 3424 crescere,
906 3351 963 3398 me
977 3335 1096 3400 autem
1109 3324 1280 3400 minui⁵„.

188 3429 497 3518 Quemadmodum
524 3429 697 3502 Dominus
723 3430 835 3526 major
862 3437 949 3522 erat,
979 3451 1083 3502 snon
1098 3430 1203 3520 enim,
1218 3429 1280 3522 ait,

189 3530 256 3602 dat
282 3532 321 3602 in
346 3553 513 3603 mensura
532 3528 771 3628 EillQsJ-lr
802 3539 838 3603 et
870 3532 960 3604 sicut
986 3533 1131 3626 Moyses
1158 3554 1285 3603 omnes

188 3633 400 3729 praecessit,
426 3631 483 3728 ita¹
511 3640 547 3704 et
581 3634 747 3728 Apostoli
782 3657 903 3706 omnes
932 3640 1213 3730 praecesserunt.
1243 3633 1283 3706 Si

189 3736 291 3806 enim
308 3735 470 3828 Ioannes,
498 3735 559 3830 qui
584 3737 679 3808 viam
697 3741 778 3808 ante
797 3737 923 3808 faciem
941 3738 1017 3832 ejus
1044 3735 1282 3832 praeparavit,

187 3861 346 3932 magnus
373 3844 460 3930 erat,
488 3845 619 3934 quanto
645 3833 759 3932 magis
777 3839 803 3910 ii
821 3839 948 3934 quibus
966 3838 1139 3912 Dominus
1159 3842 1304 3908 noster.

186 3940 271 4035 ipse
290 3940 438 4013 servivit
456 3947 492 4012 et
509 3940 604 4014 viam
624 3945 705 4012 ante
724 3941 850 4013 faciem
877 3965 1000 4014 eornm
1026 3937 1280 4036 praeparavit?

273 4131 301 4188 1.
322 4129 464 4205 Apostoli
476 4133 507 4189 h.
520 4133 541 4191 l.
556 4135 709 4210 tamquam
724 4149 764 4193 ex
777 4133 844 4194 Deo
858 4133 923 4193 nati
936 4132 1181 4195 considerantur.

273 4210 303 4343 ξς
323 4209 460 4360 aaa:
475 4213 522 4346 {a

271 4366 300 4422 4.
321 4365 406 4424 Iosr.
421 4369 448 4441 3,
462 4368 509 4424 34.
