3218 5026
335 333 379 401 32

334 486 423 559 quae
441 460 615 534 medicum
632 461 899 560 annunciatum,
925 463 986 562 qui
1011 463 1141 538 vulnus
1159 465 1289 538 Adami
1315 487 1416 537 sana·

334 573 434 639 turus
451 571 536 638 erat.
564 564 633 653 Qui
650 565 775 662 Magos
795 590 859 662 per
876 568 1129 642 revelationem
1149 575 1343 661 monuerat,
1370 591 1414 638 ne

334 669 380 742 ad
404 670 583 744 Herodem
604 669 770 764 redirent,
788 669 860 744 illis
878 673 1043 770 (Iosepho
1066 679 1101 744 et
1118 672 1269 766 Mariae)
1297 673 1335 744 10
1360 694 1416 744 10-

333 773 507 847 velatione
532 773 722 870 praecepit,
748 781 788 846 ut
814 799 860 848 ex
886 779 1052 874 Aegypto
1078 777 1320 871 ascenderent,
1347 797 1416 870 quo

334 901 482 950 ascensu
501 877 591 949 duae
608 876 841 974 implerentur
857 880 1075 977 prophetiae,
1100 905 1182 974 una,
1201 904 1290 977 quae
1309 878 1416 952 dicit:

332 982 397 1055 Ex
414 989 529 1055 terra
545 981 893 1077 Aegyptiorum
909 986 1082 1082 vocabo
1100 984 1257 1058 filium
1274 1007 1414 1076 meum,

336 1092 372 1158 et
398 1085 532 1158 altera:
559 1084 736 1158 Rachel
762 1086 992 1182 plorabat.
1023 1087 1328 1186 Implebatur,
1354 1085 1415 1180 ait,

333 1193 532 1366 velrbum,
560 1189 881 1285 quoddictum
909 1199 981 1264 est
1006 1215 1086 1289 per
1113 1192 1420 1271 Ieremiamet

333 1316 478 1390 reique.

694 1605 925 1680 CAPUT
968 1609 1051 1682 ΙΙΙ.

433 1919 489 1991 Et
515 1942 647 2015 quum
673 1919 889 1992 Herodes
915 1919 1114 2017 videret,
1141 1919 1259 2019 quod
1288 1919 1414 1993 delu-

333 2047 409 2095 sus
437 2029 568 2096 esset
593 2047 615 2095 a
640 2021 803 2118 Magis,
830 2023 984 2098 iratus
1012 2031 1084 2097 est
1108 2025 1246 2099 valde
1273 2031 1317 2096 01
1341 2025 1416 2096 mi-

332 2126 689 2225 sitetperdidit
715 2149 870 2223 omnes
896 2129 1413 2225 pueros(Muru.2,16-23).

315 2232 445 2326 11110,
463 2231 592 2328 injuste
609 2231 783 2326 Herodes,
809 2255 925 2303 nonne
948 2232 1089 2328 audisti,
1114 2235 1282 2306 nuncium
1299 2256 1413 2328 nuper

329 2335 404 2407 nati
421 2335 517 2432 regis
536 2335 643 2408 fuisse
663 2335 831 2407 stellam?
852 2334 925 2408 Cur
938 2360 1010 2409 non
1022 2337 1223 2434 perpendis,
1242 2360 1350 2432 quum
1368 2336 1412 2407 de

330 2439 438 2534 coelis
457 2447 522 2533 est,
550 2447 583 2511 te
610 2438 709 2534 operi
734 2438 878 2512 coelesti
895 2440 1061 2513 resistere
1078 2463 1149 2512 000
1166 2439 1300 2538 posse?
1321 2438 1416 2527 Quia

328 2541 489 2615 Herodes
507 2548 639 2615 matres
653 2542 842 2624 carissimis
857 2542 930 2615 suis
943 2544 1026 2616 filiis
1044 2547 1241 2638 orbaverat,
1256 2543 1414 2616 vindicta

328 2644 367 2716 in
384 2647 497 2731 tribus
514 2645 597 2719 filiis
619 2653 655 2719 01
671 2670 783 2719 uxore
803 2647 878 2744 ejus
898 2655 1038 2745 sumpta
1055 2654 1120 2743 est,
1146 2654 1182 2720 et
1198 2647 1275 2744 ipse
1293 2670 1413 2720 amara

329 2756 442 2822 morte
459 2749 575 2846 periit.
972 2846 975 2850 „

430 2854 592 2927 Herodes
610 2853 769 2950 nescivit,
787 2877 858 2949 qua
873 2856 1008 2928 ratione
1025 2877 1101 2928 rem
1120 2853 1334 2952 exploraret,
1351 2855 1413 2928 ob-

327 2964 488 3030 coecatus
515 2957 610 3030 enim
634 2957 867 3030 aemulatione
894 2959 938 3030 ad
965 2959 1201 3054 cognitionem
1225 2956 1412 3054 pervenire

327 3060 495 3156 nequivit.
508 3061 619 3134 Sicuti
628 3086 736 3136 unum
751 3062 932 3135 oraculum
944 3063 1137 3159 prophetae
1154 3061 1336 3134 Michaeas
1351 3083 1413 3132 ex-

328 3163 698 3260 001010101110011010
724 3165 905 3238 oraculum
917 3166 1032 3240 Isaiae
1057 3165 1160 3237 facile
1182 3165 1297 3262 potuit
1313 3165 1413 3236 inda-

327 3291 421 3362 gare.
439 3269 533 3341 Nam
550 3277 586 3341 01
598 3269 730 3342 familia
744 3276 779 3340 et
791 3277 904 3342 mater
917 3276 953 3340 et
966 3268 1090 3342 civitas
1108 3274 1144 3340 et
1159 3274 1299 3364 tempus
1317 3267 1413 3340 Mes·

328 3370 400 3441 siae
418 3373 575 3462 revelata
592 3380 714 3467 orant3
740 3373 875 3445 familia
891 3373 967 3468 ejus
985 3372 1029 3443 de
1048 3372 1150 3444 domo
1173 3371 1301 3466 David,
1321 3371 1413 3444 siout

326 3473 431 3548 Iacob
451 3475 600 3571 dixerat,
625 3484 660 3548 et
676 3481 789 3548 mater
808 3477 894 3573 ejus,
921 3475 1014 3572 quod
1032 3475 1133 3572 virgo
1152 3471 1229 3569 est,
1243 3481 1283 3547 ut
1298 3475 1411 3550 Isaias

327 3578 610 3676 prophetaverat,
628 3587 664 3652 et
682 3579 805 3654 civitas
831 3580 907 3676 ejus
928 3578 1149 3672 Bethlehem,
1170 3586 1210 3652 ut
1231 3578 1413 3654 Michaeas

326 3682 563 3778 praedixerat,
579 3692 614 3756 et
626 3691 765 3780 tempus
780 3684 867 3780 ejus,
882 3684 973 3756 sicut
986 3683 1154 3756 dixerunt
1169 3681 1280 3779 Magi.
1296 3683 1410 3756 Porro

328 3810 374 3858 ex
401 3784 636 3886 descriptione
663 3795 778 3860 terrae
796 3811 860 3884 per
878 3788 1056 3860 Romanos
1084 3787 1266 3882 didicerat,
1291 3788 1410 3860 Iesum

326 3889 437 3964 filium
463 3893 606 3990 Iosephi
630 3891 840 3988 inscriptum
866 3913 943 3964 esse
969 3893 1013 3964 ab
1041 3891 1092 3964 eis
1119 3891 1180 3988 qui
1205 3891 1244 3963 in
1271 3890 1409 3964 tabulas

327 4015 407 4065 eum
425 3995 619 4069 retulerant
634 3995 657 4069 ¹.
676 3995 778 4068 Licet
793 3996 881 4067 haec
897 3995 1014 4066 omnia
1032 3995 1201 4089 novisset,
1217 4001 1336 4067 tamen
1352 4017 1412 4066 ae·

326 4097 516 4172 mulatione
535 4100 728 4174 inebriatus
742 4122 823 4172 eum
835 4099 1077 4194 cognoscendo
1094 4099 1208 4196 impar
1220 4099 1296 4170 fuit.
1311 4096 1410 4173 Sauli

329 4199 455 4274 similis
469 4210 555 4297 erat,
573 4205 645 4299 qui,
663 4228 771 4301 quum
789 4202 875 4276 odor
894 4202 1076 4298 sanguinis
1092 4202 1220 4296 David,
1241 4225 1345 4298 quern
1363 4201 1411 4272 si·

406 4441 430 4496 1.
450 4438 499 4495 Ita
513 4436 542 4495 in
557 4437 623 4496 cod.
639 4437 672 4494 B.
693 4437 729 4494 In
744 4435 812 4495 cod.
827 4435 854 4494 A
875 4435 971 4497 salso:
990 4435 1071 4504 “Qui
1086 4451 1154 4494 eum
1167 4433 1350 4495 invenerunt
1363 4465 1389 4502 η.
