3280 5028
208 461 278 558 dis,
292 469 329 538 et
345 486 392 553 ex
409 463 610 561 ignorantia
625 465 663 538 in
681 485 801 542 errore
817 466 1033 554 versaretur,
1045 460 1109 536 sed
1124 459 1232 544 simul
1249 461 1296 534 ad

207 569 447 664 segnitionem
465 570 626 644 raritatis
644 593 722 644 eam
741 568 883 662 direxit,
900 568 951 640 ita
967 575 1097 662 tamen,
1115 575 1156 642 ut
1172 566 1295 664 paula·

210 671 276 770 tim
287 673 450 756 uelamen
464 699 485 748 a
501 675 607 748 eorde
622 674 698 771 ejus
716 678 906 758 amoveret
921 672 960 746 Si
975 657 1130 745 enim'ab
1140 671 1243 744 initio
1262 669 1297 744 ei

209 777 396 870 manifeste
423 777 583 872 dixisset,
602 801 739 850 seesse
761 776 954 868 Christum,
971 773 1100 851 mulier
1126 799 1206 854 eum
1233 777 1296 848 ab·

208 879 419 976 horruisset,
436 905 502 956 nee
531 906 597 980 par
627 881 886 959 institutionem
905 885 940 952 et
966 879 1160 964 doetrinae]
1191 879 1297 970 discis

209 983 298 1079 pula
326 985 403 1083 ejus
432 985 526 1069 lenta
555 994 660 1060 esset.
687 984 735 1058 Si
761 985 914 1066 seires
942 1006 1040 1056 eum
1064 981 1144 1080 ,qui
1170 982 1297 1063 dixit

211 1086 313 1182 tibi,
341 1091 396 1161 da
421 1088 532 1165 mihi
571 1090 766 1186 deaque
803 1089 900 1164 ista
938 1085 1295 1187 adhibendum,

211 1196 262 1283 tu
288 1191 525 1288 petiisses
552 1195 607 1270 ab
634 1190 693 1268 eb.
728 1191 863 1268 Dieit
896 1193 1074 1265 adeum
1101 1183 1295 1266 mulier:

211 1293 323 1372 Tibi.
346 1317 435 1370 nen
458 1305 533 1371 est
571 1297 725 1374 situla
750 1305 794 1372 et
824 1304 995 1392 puteus
1033 1293 1296 1392 profundus

210 1405 293 1474 est
319 1399 416 1476 Dioit
440 1402 496 1476 ei:
522 1402 605 1478 Mea
624 1425 759 1498 aquae
784 1399 882 1474 eoelo
906 1399 1099 1490 deseendit.
1125 1397 1298 1474 Doetrina
1460 1483 1465 1500 ι
1503 1473 1507 1494 ,
1581 1465 1613 1484 ,,

210 1527 339 1600 nempe
356 1511 414 1578 est
441 1529 561 1580 rerum
591 1505 807 1599 sublimium,
836 1511 940 1600 potus
969 1501 1299 1600 molestiamque
1346 1485 1404 1563 dno
1424 1478 1613 1558 meva*

211 1607 274 1705 qui
290 1607 428 1704 bibunt,
445 1609 598 1706 amplius
628 1609 861 1688 eonsilium
884 1607 988 1682 Unus
1016 1617 1071 1680 est
1099 1607 1298 1704 baptismus

215 1713 446 1794 credentium.
466 1712 552 1802 Qui
578 1713 702 1789 bibit
721 1737 775 1786 ex
800 1715 884 1786 hae
910 1733 1037 1808 aqua,
1057 1734 1186 1806 quam
1206 1733 1299 1806 ego

213 1816 257 1888 ei
284 1817 415 1910 dabo,
437 1837 528 1890 non
554 1817 694 1892 sitiet
719 1817 766 1890 in
794 1823 1059 1890 aeternum.
1087 1814 1217 1891 Dieit
1241 1815 1297 1890 ad

213 1943 313 1994 eum
340 1920 534 1996 mulier:
575 1921 780 2015 Domine,
807 1921 861 1994 da
897 1919 1010 1994 mihi
1048 1941 1102 1992 ex
1141 1918 1298 1994 istam

215 2048 315 2120 qua,
342 2047 395 2098 ne
423 2024 593 2120 sitiam,
619 2048 708 2100 neo
728 2025 825 2098 alia
847 2023 961 2097 -viee
989 2022 1042 2096 ad
1075 2023 1201 2098 hune
1224 2047 1298 2121 pu·

213 2135 338 2202 teum
363 2130 556 2222 reniam,
583 2135 632 2202 ut
658 2153 712 2202 ex
738 2152 787 2202 eo
814 2149 974 2225 aquam
1001 2125 1226 2202 hauriam.

317 2231 447 2305 Ili-eit
486 2233 564 2306 ei:
604 2232 754 2327 Vade,
793 2249 905 2306 roae
942 2229 998 2306 ad
1036 2253 1102 2304 me
1146 2230 1297 2305 virum

211 2339 350 2408 tuum.
378 2336 524 2412 Portam
553 2338 623 2412 sibi
653 2337 809 2434 aperuit,
840 2343 882 2410 ut
919 2341 1087 2431 tanquam
1125 2336 1300 2431 propheta

215 2440 422 2514 abseondita
440 2441 473 2514 ei
491 2443 703 2526 ostenderet.
723 2439 937 2537 Quinque
954 2439 1084 2514 vires
1110 2461 1299 2512 eorumne

212 2544 343 2638 tasti,
383 2552 427 2618 et
464 2568 594 2642 quem
632 2567 752 2618 nuno
790 2545 946 2636 habes,
983 2565 1073 2616 non
1112 2549 1185 2615 est
1223 2543 1298 2616 vir

212 2653 333 2720 tuus.
372 2649 572 2722 Dioitei
608 2648 806 2723 mulier:
842 2645 1055 2742 Domine,
1092 2646 1208 2720 mihi
1237 2646 1299 2721 ui-

215 2752 364 2848 detur,
390 2759 434 2825 te
470 2775 576 2826 esse
614 2753 905 2850 prophetem.
951 2750 1029 2839 Quo
1057 2750 1152 2822 dieto
1182 2751 1221 2824 in
1244 2750 1298 2824 als

214 2855 343 2940 tiorem
374 2855 524 2951 gradum
553 2879 633 2930 eam
677 2857 807 2932 evexit
856 2855 1025 2928 Patres
1064 2855 1220 2930 nostri
1251 2853 1299 2928 in

204 2959 300 3057 ,hoo
341 2969 494 3034 ments
541 2961 874 3034 adoraverunt.
909 2959 1189 3054 *Respondit
1232 2959 1298 3030 ai:

213 3064 310 3137 Neo
335 3064 381 3138 in
407 3065 491 3138 hoe
527 3071 689 3159 monte,
724 3085 808 3138 nee
833 3063 879 3136 in
904 3061 1186 3154 Jerusalem,
1211 3062 1298 3134 ,sed

213 3169 319 3241 veri
352 3164 633 3243 adoratores
659 3169 705 3242 in
741 3167 921 3264 spiritu
948 3172 993 3238 et
1018 3166 1230 3241 veritate
1261 3190 1299 3239 a

213 3272 460 3356 dora-bunt.
482 3273 551 3346 His
568 3273 688 3348 verbis
707 3272 752 3348 ad
770 3269 1021 3370 perfectionem
1043 3293 1120 3344 eam
1139 3270 1298 3344 deduxit·

211 3374 328 3450 Porro
357 3377 424 3451 hee
454 3377 556 3470 dixit,
573 3384 614 3450 ut
643 3377 857 3470 ostenderet,
887 3374 979 3448 hano
1011 3369 1198 3450 mulierem
1227 3399 1300 3448 nou

215 3503 296 3554 esse
327 3487 459 3554 terrem
487 3481 672 3558 sterilem¹
705 3481 824 3576 sieque
856 3501 920 3576 per
948 3501 1025 3551 eam
1043 3503 1149 3574 quam
1177 3478 1244 3552 sibi
1262 3480 1301 3550 in

213 3584 457 3658 testimonium
476 3591 727 3681 assumpserat,
745 3585 925 3670 indicauit,
945 3604 1066 3656 semen
1093 3607 1197 3656 suurn
1219 3607 1300 3655 eenex

212 3689 378 3762 tesimam
406 3712 559 3762 messem
590 3688 706 3761 edere.
736 3688 833 3760 Dieit
850 3686 999 3760 mulier:
1027 3687 1144 3760 Eeoe
1171 3687 1300 3770 Chri·
1415 3707 1418 3712 ·

216 3799 322 3866 stus
347 3793 490 3888 venit,
517 3801 562 3866 et
589 3791 627 3866 si
652 3793 862 3886 venerit,
888 3791 1039 3864 omnia
1063 3791 1199 3865 nobis
1230 3791 1300 3862 da-

125 3918 129 3930 ·
212 3895 301 3976 bit.
328 3897 457 3970 Dioit
482 3897 546 3969 ei:
573 3897 668 3992 Ego
695 3921 800 3990 sum,
827 3895 905 3994 qui
940 3894 1108 3990 loquor
1138 3900 1299 3967 tenum„

212 3997 257 4072 Si
274 4024 339 4095 rex
369 4024 407 4073 es
424 4008 474 4095 tu,
505 4023 614 4098 quare
636 4022 802 4096 aquema
823 4022 880 4072 me
911 3997 1079 4094 petiisti?-
1108 4001 1166 4073 Ab
1197 3999 1299 4072 initio

180 4201 191 4218 ὁ
214 4105 336 4202 itaque
354 4103 521 4202 colloquii
536 4109 723 4203 personam
742 4127 842 4178 suam
860 4102 893 4176 ei
911 4126 982 4176 nou
1010 4104 1232 4178 manifestam
1248 4104 1301 4176 fe-

299 4371 395 4431 lauta
408 4369 438 4430 in
452 4369 523 4432 eod·
533 4373 568 4432 B.
589 4371 626 4432 In
647 4371 773 4434 codd:
794 4370 921 4432 Terram
948 4367 1089 4447 opimam,
1115 4385 1193 4444 quae
1207 4364 1299 4426 lectio

217 4451 378 4512 eontextui
392 4451 613 4514 aennariaest.
1173 4491 1175 4500 ,
1253 4463 1256 4469 ·
1286 4466 1291 4494 t
