3260 5020
691 611 925 690 CAPUT
969 615 1072 690 XX.

439 923 683 1002 Nonsieut
708 924 1060 1016 meavoluntas,
1079 923 1159 996 sed
1178 924 1305 996 siout
1334 927 1423 1018 tua,

287 1054 295 1066 ’
334 1025 464 1124 quibus
489 1028 609 1102 verbis
637 1029 835 1100 contrarius
861 1027 975 1100 faetus
1003 1035 1058 1101 est
1079 1027 1194 1120 Adae,
1212 1026 1273 1122 qui
1298 1024 1429 1108 volun,

336 1137 447 1203 tatem
474 1130 644 1204 creatoris
671 1130 726 1203 sui
752 1129 875 1227 reJ'eoit
900 1136 936 1202 et
961 1131 1181 1203 voluntatem
1210 1127 1344 1220 inimici
1369 1129 1426 1201 sui

335 1232 559 1328 approbavit,
571 1233 721 1328 ideoque
739 1233 792 1306 ori
810 1231 1007 1308 adversarii
1025 1233 1081 1306 sui
1097 1231 1251 1304 traditus
1269 1237 1335 1302 est.
1353 1229 1427 1328 Do

335 1335 454 1410 minus
472 1343 591 1408 autem
612 1335 736 1431 rejecit
752 1336 975 1408 voluntatem
997 1335 1128 1428 earnis,
1145 1341 1186 1406 nt
1203 1333 1426 1410 voluntatem

230 1458 233 1464 ·
337 1439 510 1510 creatoris
528 1438 644 1510 earnis
663 1444 847 1530 statueret,
866 1437 992 1533 sciens,
1011 1460 1156 1526 omnem
1168 1435 1425 1510 beatitudinem

337 1539 386 1622 de
402 1540 585 1615 voluntate
603 1541 724 1614 Patris
743 1541 798 1613 sui
814 1540 981 1638 pendere.
1391 1569 1395 1576 *
1420 1591 1423 1598 -

355 1693 361 1700 -
444 1643 544 1719 Non
579 1667 676 1716 mea
701 1643 928 1716 voluntas
963 1643 1075 1733 fiat,
1102 1640 1182 1716 sed
1212 1647 1300 1713 tua.
1326 1639 1425 1714 Num

336 1745 519 1820 babebat¹
547 1745 766 1819 voluntatem
793 1753 917 1818 eontra
941 1744 1163 1818 voluntatem
1189 1742 1307 1816 Patris
1341 1741 1425 1815 sui?

336 1847 410 1924 Sed
427 1871 490 1920 eur
507 1847 616 1921 dioit:
638 1869 653 1906 ιι
670 1849 754 1922 Non
770 1873 850 1921 mea
866 1847 1032 1922 voluntas
1049 1847 1122 1941 fiat,
1141 1847 1205 1920 sed
1221 1853 1284 1918 tua
1299 1844 1426 1918 volun·

338 1957 393 2026 tas
410 1949 455 2024 s?
481 1951 529 2022 Et
547 1952 617 2023 alio
644 1951 725 2023 looo‘
739 1951 847 2023 dicit:
877 1950 994 2022 “Non
1011 1949 1096 2022 veni
1120 1951 1241 2028 faeere
1262 1947 1425 2022 volunta·

336 2061 410 2126 tem
436 2076 563 2148 meam,
583 2054 646 2126 sed
662 2054 882 2127 voluntatem
902 2052 990 2148 ejus,
1008 2053 1070 2148 qui
1087 2052 1185 2125 misit
1200 2074 1258 2124 me
1276 2089 1292 2126 s
1307 2049 1335 2123 ².
1352 2051 1425 2123 Vo-

336 2154 458 2228 luntas
475 2179 562 2228 vero
579 2157 699 2230 Patris
718 2163 795 2228 est:
815 2178 831 2214 s
849 2155 1087 2251 Quosennque
1111 2153 1200 2228 mihi
1217 2153 1328 2246 dedit,
1353 2175 1426 2225 non

334 2257 484 2360 perdam
498 2281 545 2330 ex
563 2259 614 2335 eis
632 2283 873 2355 quemquam„
889 2257 915 2329 ὅ.
927 2257 1075 2331 Clarum
1088 2265 1154 2351 est,
1167 2259 1243 2352 ejus
1260 2256 1425 2329 volunta-

335 2368 410 2434 tem
436 2358 543 2432 aliam
570 2360 688 2434 esset.
715 2361 764 2433 Et
789 2360 903 2434 Isaias
929 2360 1037 2433 dicit:
1067 2359 1281 2434 “Dominus
1310 2354 1425 2434 voluit

335 2485 419 2538 oum
435 2463 624 2536 humiliare
644 2471 680 2535 et
697 2463 858 2558 affligere
876 2461 930 2537 ηδ.
958 2464 1008 2535 Et
1027 2463 1157 2536 iterum
1175 2461 1283 2534 dioit:
1303 2459 1426 2549 “Quia

337 2563 485 2642 tradidit
512 2565 665 2637 animam
692 2589 793 2639 suam
811 2566 849 2637 in
866 2572 1018 2638 mortem
1034 2605 1049 2639 n
1063 2565 1091 2659 ⁶,
1109 2589 1179 2662 quo
1203 2564 1282 2637 loco
1308 2569 1427 2636 osten-

334 2667 403 2762 dit,
430 2665 468 2737 id
495 2687 596 2740 suom
624 2667 734 2742 fuisse
751 2667 982 2742 voluntatem.
1008 2667 1192 2756 Quomodo
1217 2674 1336 2740 autem
1361 2665 1428 2738 hoo

334 2767 586 2872 intelligatur?
603 2769 695 2842 Nam
716 2771 873 2844 ostendit
890 2771 978 2845 duas
995 2771 1210 2863 voluntates,
1226 2793 1334 2842 unam
1351 2768 1424 2842 Do·

333 2872 423 2946 mini
441 2878 478 2943 et
503 2870 652 2944 alteram
669 2897 783 2964 suam,
802 2897 913 2970 quum
939 2897 1026 2948 sane
1050 2896 1141 2970 opus
1166 2895 1275 2944 unum
1294 2872 1350 2945 sit.
1371 2872 1425 2968 At
1454 2964 1457 2969 Ι
1488 2939 1491 2948 .

334 2974 510 3048 Dominus
536 2998 645 3070 quum
662 2976 884 3050 auditoribus
911 2977 985 3051 suis
1011 2975 1227 3073 persuadere
1244 2973 1365 3068 vellet,
1385 2998 1425 3048 se

220 3131 222 3136 ,
333 3101 407 3151 non
433 3078 477 3150 ab
504 3075 576 3148 alia
601 3084 777 3174 potestate
794 3080 831 3154 vi
848 3079 1001 3174 quadam
1031 3078 1121 3172 regi,
1143 3077 1345 3165 errantibus
1371 3078 1425 3150 vi·

336 3181 487 3256 debatur
499 3179 606 3252 aliam
622 3181 754 3255 habere
767 3183 998 3256 voluntatem.
1021 3181 1194 3266 Similiter
1215 3187 1313 3254 stans
1330 3180 1426 3277 apud

336 3283 516 3356 Lazarum
534 3281 649 3355 dixit:
671 3305 687 3340 ι
705 3285 850 3358 Gratias
867 3309 936 3381 ago
953 3284 1030 3379 tibi,
1047 3285 1141 3380 quod
1159 3282 1293 3356 audisti
1309 3305 1366 3355 me
1389 3289 1427 3355 et

336 3385 439 3458 audis
465 3407 534 3478 me,
553 3385 616 3457 sed
642 3393 796 3482 propter.
815 3390 939 3477 turbas
960 3389 1049 3461 istas
1074 3387 1175 3480 faoio,
1201 3393 1243 3484 ut
1268 3386 1426 3477 credant,

334 3488 431 3583 quod
448 3493 488 3558 tu
505 3509 562 3559 me
579 3488 711 3560 misisti
723 3527 738 3562 n
751 3489 779 3582 ⁷,
796 3497 837 3562 ut
853 3490 1033 3583 nimirum,
1050 3513 1160 3586 quum
1182 3487 1227 3561 de
1246 3511 1289 3562 eo
1305 3487 1426 3563 audie·
1527 3553 1529 3556 ,

333 3590 419 3685 rint,
437 3598 703 3686 cognoscerent,
721 3613 803 3665 eum
819 3615 899 3666 esse
917 3615 963 3668 ex
980 3592 1068 3665 Deo.

415 3827 442 3881 1.
463 3823 513 3880 Ita
526 3821 557 3880 in
572 3824 640 3882 ood.
655 3825 689 3884 Β.
704 3827 740 3885 Ιιι
755 3825 823 3885 οοᾱ.
839 3825 886 3884 A:
904 3825 1023 3885 suebat
1040 3855 1067 3888 s.

414 3903 444 3958 2.
464 3901 549 3958 Iosn.
569 3903 598 3972 6,
612 3905 660 3962 38.

415 3982 444 4036 a.
463 3978 548 4036 Ion.
565 3982 612 4054 18,
626 3983 656 4039 a·

413 4059 442 4113 4.
461 4055 488 4112 Ι.
503 4073 530 4114 e.
544 4057 612 4132 ejus
627 4059 819 4121 voluntatem
832 4078 894 4121 non
908 4057 1014 4136 fuisso,
1029 4062 1064 4120 ut
1077 4075 1156 4119 unus
1182 4073 1307 4118 suorum
1331 4055 1421 4117 disei-

334 4133 474 4212 pulornm
485 4137 603 4208 pereat.

415 4211 444 4269 5.
464 4211 506 4268 Is.
520 4212 568 4286 53,
584 4215 631 4271 10.

414 4291 444 4346 6.
464 4289 506 4348 Is.
520 4289 568 4361 53,
585 4291 631 4348 12.

412 4369 438 4427 7.
459 4367 544 4430 Iesu.
560 4369 607 4450 11,
620 4370 668 4430 42.
