3218 5026
1248 302 1407 386 11'

199 447 248 520 ho
266 448 385 544 angeli
403 447 593 521 dubitasse.
610 445 797 522 Silentium
816 470 900 542 ergo
919 448 994 546 ejus
1011 447 1138 540 effecit,
1151 454 1191 518 ut
1204 447 1293 518 bene

200 553 352 625 audiret.
372 551 466 640 Quia
482 576 553 625 non
570 552 719 626 credidit
738 551 876 647 angele,
895 552 956 648 qui
973 573 1012 624 os
1026 551 1094 623 Dei
1112 557 1200 644 erat,
1218 572 1294 621 mu·

200 662 280 728 turn
298 657 490 749 eumfacit,
508 664 548 729 ut
565 656 753 753 pugillaris
773 656 848 752 ejus
866 655 942 727 loco
961 655 1175 750 loqueretur.

310 759 428 847 Quum
445 760 675 832 laetissimum
704 760 747 831 de
770 760 902 831 Ioanne
919 759 1098 852 nuncium,
1125 781 1230 855 quem
1248 759 1292 830 ab

202 863 332 958 angelo
347 863 517 960 percepit,
533 888 603 936 non
616 864 787 956 crederet,
805 869 924 934 mutus
939 861 1068 956 evasit;
1087 885 1195 958 quum
1207 883 1292 934 vcro

201 965 374 1040 Ioannem
392 991 437 1040 ex
455 975 556 1040 utero
574 991 757 1063 egressum
775 966 922 1059 videret,
949 966 1086 1038 locutus
1105 973 1169 1038 est.
1200 965 1291 1038 Ver·

201 1073 298 1164 bum,
313 1071 406 1166 quod
419 1073 462 1144 ab
477 1070 604 1166 angelo
618 1071 792 1167 prodibat,
805 1069 947 1142 transiit
960 1069 1004 1142 ad
1022 1093 1061 1141 os
1079 1069 1184 1166 idque
1197 1068 1292 1140 clau·

202 1173 263 1268 sit,
281 1181 316 1246 et
332 1174 495 1270 pervenit
517 1175 562 1246 ad
579 1182 719 1246 uterum
747 1197 896 1269 eumque
920 1173 1068 1270 aperuit.
1095 1173 1196 1245 Idem
1213 1195 1292 1246 ver-

201 1279 289 1350 bum
308 1277 420 1350 altera
432 1279 508 1350 vice
523 1278 650 1351 clausit
662 1285 813 1371 uterum,
832 1301 936 1374 quem
950 1283 1147 1374 aperuerat,
1161 1300 1205 1349 ne
1220 1300 1292 1348 arn-

200 1381 298 1477 plius
324 1389 477 1478 pareret,
505 1390 540 1453 et
557 1383 672 1455 denuo
698 1382 838 1479 aperuit
855 1405 905 1473 os,
928 1381 1022 1478 quod
1043 1381 1228 1473 clauserat,
1245 1403 1291 1452 ne

202 1485 356 1581 amplius
369 1485 602 1559 clauderetur.
616 1486 773 1560 Decebat
790 1485 907 1558 claudi
920 1508 958 1556 os
978 1485 1052 1582 ejus
1067 1485 1128 1580 qui
1140 1483 1291 1581 apertio-

201 1612 285 1660 nem
298 1590 391 1662 uteri
406 1589 537 1662 sterilis
545 1614 617 1662 non
629 1589 789 1683 credidit,
804 1596 839 1660 et
852 1589 998 1662 decebat
1010 1587 1126 1660 claudi
1138 1596 1291 1681 uterum,

202 1692 266 1788 qui
285 1693 454 1766 Ioannem
472 1701 669 1790 pepererat,
684 1717 728 1765 ne
747 1693 898 1790 amplius
912 1699 1064 1788 pareret,
1082 1699 1122 1764 111
1138 1692 1196 1764 hio
1213 1691 1291 1764 uni·

200 1797 345 1891 genitus
371 1821 498 1892 praeco
524 1798 626 1871 fieret
650 1798 854 1892 Unigenito.
881 1795 1078 1890 Zachariae,
1107 1796 1167 1892 qui
1194 1795 1290 1868 solus

201 1900 389 1993 dubitavit,
408 1901 513 1975 dubio
532 1926 594 1974 suo
614 1902 754 1997 generis
771 1900 917 1973 humani
934 1893 1079 1972 dubium
1098 1898 1250 1972 sustulit.

307 2003 378 2077 Per
397 2028 496 2077 suarn
508 2005 617 2101 igitur
635 2004 917 2078 incredulitatem
935 2027 1056 2076 omnes
1072 2005 1232 2076 homines
1250 2003 1290 2074 fi-

203 2107 284 2178 dem
312 2109 459 2180 edocuit.
478 2108 595 2197 Quum
618 2110 769 2181 Ioannes
787 2132 832 2181 ex
846 2132 906 2180 ore
924 2107 1043 2203 angeli
1054 2107 1207 2182 viventis
1224 2130 1290 2203 per·

199 2212 509 2284 wannunciationem
523 2221 738 2306 nasceretur,
755 2219 857 2310 pater
875 2211 1050 2310 spirituali
1067 2213 1142 2310 ejus
1159 2210 1287 2283 nativi·

167 2355 171 2364 .
201 2316 268 2388 tati
285 2340 356 2388 non
374 2316 541 2410 credidit,
561 2323 596 2389 at
614 2316 753 2414 quando
780 2339 799 2386 e
826 2324 964 2389 mortuo
981 2322 1082 2388 utero
1100 2322 1203 2387 natus
1222 2320 1288 2408 cst,

196 2425 277 2490 tum
304 2419 436 2492 carnali
454 2421 528 2517 ejus
546 2419 724 2493 nativitati
743 2420 848 2492 fidem
865 2420 1035 2494 adhibuit.
1052 2421 1186 2493 Verum
1206 2418 1289 2515 quia

199 2523 281 2596 vivo
296 2524 433 2596 orinon
446 2523 654 2617 crediderat,
672 2547 710 2596 os
729 2525 804 2622 ejus
830 2547 894 2620 per
919 2526 1067 2598 verbum
1090 2528 1288 2596 emortuum

200 2633 266 2698 est.
285 2627 458 2716 Quoniam
477 2627 591 2700 sterili
607 2635 707 2700 utero
721 2628 834 2723 magis
853 2627 1011 2722 credidit,
1026 2651 1131 2724 quam
1148 2627 1286 2723 angelo,

198 2729 294 2803 labia
312 2733 386 2828 ejus
405 2731 523 2822 verbis
539 2731 676 2804 sterilia
692 2732 783 2804 facta
800 2738 891 2804 sunt.
911 2731 1027 2818 Quum
1048 2755 1128 2803 eum
1150 2737 1287 2806 mutum

196 2834 329 2907 factum
338 2835 511 2929 viderent,
520 2835 732 2908 festinarunt
745 2843 839 2908 recte
854 2835 1009 2929 credere,
1018 2837 1195 2907 intuentes
1207 2859 1287 2908 eum

197 2939 261 3034 qui
274 2939 367 3011 male
383 2940 614 3012 dubitaverat.
633 2939 745 3013 Labia
758 2940 832 3034 ejus
847 2963 892 3038 ex
904 2939 1127 3011 festinatione
1142 2938 1282 3012 verbisl

197 3041 421 3116 offenderunt
435 3051 470 3115 et
484 3043 624 3116 silentio
638 3043 768 3114 tradita
786 3049 878 3135 sunt,
896 3049 936 3113 ut
953 3043 1157 3115 tarditatem
1176 3041 1287 3114 disoe-

197 3154 289 3240 rent,
307 3171 351 3218 ne
371 3155 406 3219 et
424 3147 485 3220 alii
502 3147 724 3220 festinatione
743 3145 971 3218 offenderent.
991 3146 1082 3234 Quia
1099 3143 1287 3220 Zacharias

198 3250 242 3321 de
257 3250 409 3323 Domino
429 3273 492 3322 suo
510 3257 545 3323 et
563 3251 605 3322 de
623 3251 786 3348 precibus
806 3249 878 3322 suis
897 3250 1130 3344 dubitaverat,
1142 3274 1287 3324 necesse

197 3361 286 3446 erat,
303 3362 344 3426 ut
362 3355 541 3426 silentium
561 3355 593 3426 ei
610 3355 861 3450 imponeretur,
880 3377 925 3426 ne
951 3355 1029 3450 quis
1051 3355 1088 3426 in
1105 3362 1287 3452 posterum

199 3457 244 3528 de
262 3457 339 3529 Deo
359 3466 394 3530 et
410 3459 574 3554 precibus
592 3458 778 3532 dubitaret.

305 3561 393 3649 Quis
410 3587 519 3636 unum
539 3587 584 3634 ex
603 3561 717 3634 effatis
744 3561 826 3656 tuis,
853 3561 1015 3656 Domine,
1042 3570 1160 3636 mente
1181 3586 1288 3658 pene-

197 3671 294 3737 trare
312 3666 468 3762 poterit?
495 3666 583 3738 Plus
602 3673 667 3761 est,
694 3666 787 3762 quod
804 3666 1048 3762 relinquimus
1072 3691 1177 3762 quarn
1195 3667 1288 3762 quod

197 3769 368 3864 capimus,
388 3770 492 3843 sicuti
509 3771 680 3866 sitientes,
694 3771 755 3867 qui
771 3770 896 3845 bibunt
915 3795 960 3842 ex
973 3769 1078 3842 fonte.
1098 3771 1191 3842 Nam
1207 3793 1287 3842 ver·

197 3873 283 3944 burn
297 3871 442 3945 Domini
453 3875 558 3971 juxta
571 3874 701 3948 multas
716 3875 926 3947 discentium
939 3873 1183 3970 perceptiones
1197 3874 1287 3946 mul-

196 3983 253 4047 tos
272 3979 420 4072 praebet
436 3985 609 4074 aspectus.
624 3978 796 4051 Dominus
809 3981 957 4052 verbum
976 4001 1078 4050 suum
1091 3976 1213 4050 multis
1232 4001 1288 4050 oo·

196 4078 332 4154 loribus
351 4081 524 4178 depinxit,
542 4090 583 4155 111
600 4083 760 4180 quisquis
775 4082 937 4176 disceret,
951 4081 988 4153 in
1001 4080 1038 4153 id
1051 4080 1145 4178 quod
1162 4081 1195 4152 ei
1212 4081 1288 4178 pla-

195 4191 305 4279 ceret,
318 4184 518 4286 inspiceret.
528 4187 656 4260 Varios
670 4188 855 4261 thesauros
868 4187 907 4258 in
918 4188 1027 4259 verbo
1045 4209 1107 4258 suc
1121 4185 1287 4278 condidit,

191 4387 195 4394 .
280 4347 306 4402 1.
326 4345 428 4406 Locus
443 4347 488 4404 ex'
497 4348 564 4407 cod.
576 4349 601 4406 B
615 4345 805 4409 emendatus.
816 4347 853 4406 In
866 4347 956 4405 textu
970 4343 1052 4403 edito
1066 4342 1144 4402 falsa
1158 4345 1206 4401 est
1216 4358 1284 4400 ver-

199 4421 310 4482 borum
328 4423 447 4484 divisio.
