<?xml version="1.0" encoding="UTF-8"?>
<!DOCTYPE html PUBLIC "-//W3C//DTD XHTML 1.0 Transitional//EN"
    "http://www.w3.org/TR/xhtml1/DTD/xhtml1-transitional.dtd">
<html xmlns="http://www.w3.org/1999/xhtml" xml:lang="en" lang="en">
 <head>
  <title>
</title>
<meta http-equiv="Content-Type" content="text/html;charset=utf-8" />
  <meta name='ocr-system' content='tesseract 3.04.00' />
  <meta name='ocr-capabilities' content='ocr_page ocr_carea ocr_par ocr_line ocrx_word'/>
</head>
<body>
  <div class='ocr_page' id='page_1' title='image "./evangeliiconcor00msgoog_0082.png"; bbox 0 0 3218 5024; ppageno 0'>
   <div class='ocr_carea' id='block_1_1' title="bbox 1244 299 1287 370">
    <p class='ocr_par' dir='ltr' id='par_1_1' title="bbox 1244 299 1287 370">
     <span class='ocr_line' id='line_1_1' title="bbox 1244 299 1287 370; baseline 0.023 -1"><span class='ocrx_word' id='word_1_1' title='bbox 1244 299 1287 370; x_wconf 81' lang='lat'>59</span> 
     </span>
    </p>
   </div>
   <div class='ocr_carea' id='block_1_2' title="bbox 195 419 1288 1670">
    <p class='ocr_par' dir='ltr' id='par_1_2' title="bbox 195 419 1288 1670">
     <span class='ocr_line' id='line_1_2' title="bbox 203 419 1284 506; baseline 0 -6"><span class='ocrx_word' id='word_1_2' title='bbox 203 449 263 503; x_wconf 87' lang='lat' dir='ltr'>eos</span> <span class='ocrx_word' id='word_1_3' title='bbox 299 427 464 506; x_wconf 80' lang='lat' dir='ltr'>inritavit</span> <span class='ocrx_word' id='word_1_4' title='bbox 490 433 525 500; x_wconf 89' lang='lat' dir='ltr'>et</span> <span class='ocrx_word' id='word_1_5' title='bbox 551 451 671 502; x_wconf 89' lang='lat' dir='ltr'>secum</span> <span class='ocrx_word' id='word_1_6' title='bbox 704 419 908 503; x_wconf 90' lang='lat' dir='ltr'>accumbere</span> <span class='ocrx_word' id='word_1_7' title='bbox 944 428 1035 502; x_wconf 87' lang='lat' dir='ltr'>fecit.</span> <span class='ocrx_word' id='word_1_8' title='bbox 1063 427 1284 504; x_wconf 83' lang='lat' dir='ltr'><strong>Admirabile</strong></span> 
     </span>
     <span class='ocr_line' id='line_1_3' title="bbox 203 532 1285 631; baseline 0 -25"><span class='ocrx_word' id='word_1_9' title='bbox 203 533 464 631; x_wconf 75' lang='lat' dir='ltr'>spectaculum!</span> <span class='ocrx_word' id='word_1_10' title='bbox 491 533 662 605; x_wconf 87' lang='lat' dir='ltr'>assistunt</span> <span class='ocrx_word' id='word_1_11' title='bbox 680 532 713 605; x_wconf 92' lang='lat' dir='ltr'>ei</span> <span class='ocrx_word' id='word_1_12' title='bbox 730 533 849 628; x_wconf 82' lang='lat' dir='ltr'>angeli</span> <span class='ocrx_word' id='word_1_13' title='bbox 867 539 1071 626; x_wconf 89' lang='lat' dir='ltr'>trementes,</span> <span class='ocrx_word' id='word_1_14' title='bbox 1094 539 1131 606; x_wconf 94' lang='lat' dir='ltr'>et</span> <span class='ocrx_word' id='word_1_15' title='bbox 1147 557 1285 606; x_wconf 89' lang='lat' dir='ltr'>accum-</span> 
     </span>
     <span class='ocr_line' id='line_1_4' title="bbox 201 636 1288 734; baseline -0.001 -24"><span class='ocrx_word' id='word_1_16' title='bbox 201 640 289 710; x_wconf 91' lang='lat' dir='ltr'>bunt</span> <span class='ocrx_word' id='word_1_17' title='bbox 307 661 386 710; x_wconf 90' lang='lat' dir='ltr'>cum</span> <span class='ocrx_word' id='word_1_18' title='bbox 405 660 446 710; x_wconf 93' lang='lat' dir='ltr'>eo</span> <span class='ocrx_word' id='word_1_19' title='bbox 463 636 642 734; x_wconf 89' lang='lat' dir='ltr'>publicani</span> <span class='ocrx_word' id='word_1_20' title='bbox 658 636 842 710; x_wconf 86' lang='lat' dir='ltr'>laetantes.</span> <span class='ocrx_word' id='word_1_21' title='bbox 861 637 965 710; x_wconf 87' lang='lat' dir='ltr'>Beati</span> <span class='ocrx_word' id='word_1_22' title='bbox 988 637 1133 734; x_wconf 91' lang='lat' dir='ltr'>spiritus</span> <span class='ocrx_word' id='word_1_23' title='bbox 1150 638 1288 733; x_wconf 87' lang='lat' dir='ltr'>magni-</span> 
     </span>
     <span class='ocr_line' id='line_1_5' title="bbox 201 739 1288 839; baseline 0 -26"><span class='ocrx_word' id='word_1_24' title='bbox 201 742 360 814; x_wconf 80' lang='lat' dir='ltr'><strong>tudinem</strong></span> <span class='ocrx_word' id='word_1_25' title='bbox 379 741 454 839; x_wconf 86' lang='lat' dir='ltr'>ejus</span> <span class='ocrx_word' id='word_1_26' title='bbox 470 739 735 837; x_wconf 87' lang='lat' dir='ltr'>pertimescunt,</span> <span class='ocrx_word' id='word_1_27' title='bbox 753 747 789 812; x_wconf 88' lang='lat' dir='ltr'>et</span> <span class='ocrx_word' id='word_1_28' title='bbox 805 751 1007 838; x_wconf 78' lang='lat' dir='ltr'>peccatores</span> <span class='ocrx_word' id='word_1_29' title='bbox 1024 765 1104 813; x_wconf 94' lang='lat' dir='ltr'>cum</span> <span class='ocrx_word' id='word_1_30' title='bbox 1122 764 1163 812; x_wconf 91' lang='lat' dir='ltr'>co</span> <span class='ocrx_word' id='word_1_31' title='bbox 1178 741 1288 813; x_wconf 89' lang='lat' dir='ltr'>edunt</span> 
     </span>
     <span class='ocr_line' id='line_1_6' title="bbox 200 843 1287 940; baseline 0.002 -25"><span class='ocrx_word' id='word_1_32' title='bbox 200 850 236 916; x_wconf 90' lang='lat' dir='ltr'>et</span> <span class='ocrx_word' id='word_1_33' title='bbox 262 845 397 918; x_wconf 93' lang='lat' dir='ltr'>bibunt.</span> <span class='ocrx_word' id='word_1_34' title='bbox 425 843 567 918; x_wconf 80' lang='lat' dir='ltr'>Scribas</span> <span class='ocrx_word' id='word_1_35' title='bbox 592 844 746 918; x_wconf 78' lang='lat' dir='ltr'>invidiae</span> <span class='ocrx_word' id='word_1_36' title='bbox 780 851 982 918; x_wconf 76' lang='lat' dir='ltr'>aestuantes</span> <span class='ocrx_word' id='word_1_37' title='bbox 1017 845 1224 940; x_wconf 88' lang='lat' dir='ltr'>affliguntur</span> <span class='ocrx_word' id='word_1_38' title='bbox 1250 851 1287 917; x_wconf 89' lang='lat' dir='ltr'>et</span> 
     </span>
     <span class='ocr_line' id='line_1_7' title="bbox 199 945 1287 1046; baseline 0 -26"><span class='ocrx_word' id='word_1_39' title='bbox 199 947 379 1044; x_wconf 92' lang='lat' dir='ltr'>publicani</span> <span class='ocrx_word' id='word_1_40' title='bbox 397 947 638 1022; x_wconf 87' lang='lat' dir='ltr'>misericordia</span> <span class='ocrx_word' id='word_1_41' title='bbox 656 947 829 1021; x_wconf 86' lang='lat' dir='ltr'>exultant.</span> <span class='ocrx_word' id='word_1_42' title='bbox 843 949 1020 1022; x_wconf 88' lang='lat' dir='ltr'>Viderunt</span> <span class='ocrx_word' id='word_1_43' title='bbox 1035 945 1154 1046; x_wconf 86' lang='lat' dir='ltr'>superi</span> <span class='ocrx_word' id='word_1_44' title='bbox 1172 954 1208 1021; x_wconf 93' lang='lat' dir='ltr'>et</span> <span class='ocrx_word' id='word_1_45' title='bbox 1225 948 1287 1020; x_wconf 90' lang='lat' dir='ltr'>ad-</span> 
     </span>
     <span class='ocr_line' id='line_1_8' title="bbox 198 1051 1286 1146; baseline -0.001 -22"><span class='ocrx_word' id='word_1_46' title='bbox 198 1053 319 1125; x_wconf 87' lang='lat' dir='ltr'>mirati</span> <span class='ocrx_word' id='word_1_47' title='bbox 338 1059 430 1146; x_wconf 88' lang='lat' dir='ltr'>sunt,</span> <span class='ocrx_word' id='word_1_48' title='bbox 447 1051 613 1125; x_wconf 87' lang='lat' dir='ltr'>viderunt</span> <span class='ocrx_word' id='word_1_49' title='bbox 629 1052 734 1125; x_wconf 81' lang='lat' dir='ltr'>inferi</span> <span class='ocrx_word' id='word_1_50' title='bbox 752 1058 787 1124; x_wconf 91' lang='lat' dir='ltr'>ct</span> <span class='ocrx_word' id='word_1_51' title='bbox 804 1053 922 1125; x_wconf 90' lang='lat' dir='ltr'>furore</span> <span class='ocrx_word' id='word_1_52' title='bbox 940 1051 1171 1125; x_wconf 86' lang='lat' dir='ltr'>insanierunt.</span> <span class='ocrx_word' id='word_1_53' title='bbox 1184 1051 1286 1128; x_wconf 86' lang='lat' dir='ltr'>Vidit</span> 
     </span>
     <span class='ocr_line' id='line_1_9' title="bbox 200 1155 1284 1250; baseline -0.002 -22"><span class='ocrx_word' id='word_1_54' title='bbox 200 1155 350 1229; x_wconf 84' lang='lat' dir='ltr'>Satanas</span> <span class='ocrx_word' id='word_1_55' title='bbox 369 1163 405 1228; x_wconf 87' lang='lat' dir='ltr'>et</span> <span class='ocrx_word' id='word_1_56' title='bbox 422 1155 612 1250; x_wconf 89' lang='lat' dir='ltr'>contabuit,</span> <span class='ocrx_word' id='word_1_57' title='bbox 631 1155 719 1230; x_wconf 82' lang='lat' dir='ltr'>vidit</span> <span class='ocrx_word' id='word_1_58' title='bbox 735 1178 831 1229; x_wconf 91' lang='lat' dir='ltr'>mors</span> <span class='ocrx_word' id='word_1_59' title='bbox 850 1162 885 1229; x_wconf 88' lang='lat' dir='ltr'>ct</span> <span class='ocrx_word' id='word_1_60' title='bbox 901 1155 1079 1229; x_wconf 88' lang='lat' dir='ltr'>infirmata</span> <span class='ocrx_word' id='word_1_61' title='bbox 1097 1163 1161 1250; x_wconf 88' lang='lat' dir='ltr'>est,</span> <span class='ocrx_word' id='word_1_62' title='bbox 1187 1155 1284 1228; x_wconf 89' lang='lat' dir='ltr'>vide-</span> 
     </span>
     <span class='ocr_line' id='line_1_10' title="bbox 197 1258 1285 1354; baseline -0.001 -22"><span class='ocrx_word' id='word_1_63' title='bbox 197 1266 284 1332; x_wconf 89' lang='lat' dir='ltr'>runt</span> <span class='ocrx_word' id='word_1_64' title='bbox 301 1261 443 1334; x_wconf 82' lang='lat' dir='ltr'>Scribas</span> <span class='ocrx_word' id='word_1_65' title='bbox 462 1267 497 1332; x_wconf 90' lang='lat' dir='ltr'>ct</span> <span class='ocrx_word' id='word_1_66' title='bbox 518 1259 653 1333; x_wconf 90' lang='lat' dir='ltr'>confusi</span> <span class='ocrx_word' id='word_1_67' title='bbox 668 1267 902 1354; x_wconf 86' lang='lat' dir='ltr'>recesserunt,</span> <span class='ocrx_word' id='word_1_68' title='bbox 919 1260 1086 1334; x_wconf 88' lang='lat' dir='ltr'>viderunt</span> <span class='ocrx_word' id='word_1_69' title='bbox 1101 1258 1285 1333; x_wconf 87' lang='lat' dir='ltr'>Pharisaei</span> 
     </span>
     <span class='ocr_line' id='line_1_11' title="bbox 199 1362 1285 1437; baseline 0 -3"><span class='ocrx_word' id='word_1_70' title='bbox 199 1369 236 1434; x_wconf 86' lang='lat' dir='ltr'>et</span> <span class='ocrx_word' id='word_1_71' title='bbox 254 1363 453 1436; x_wconf 89' lang='lat' dir='ltr'>conturbati</span> <span class='ocrx_word' id='word_1_72' title='bbox 471 1370 563 1436; x_wconf 90' lang='lat' dir='ltr'>sunt.</span> <span class='ocrx_word' id='word_1_73' title='bbox 583 1363 761 1437; x_wconf 85' lang='lat' dir='ltr'>Gaudium</span> <span class='ocrx_word' id='word_1_74' title='bbox 780 1370 856 1437; x_wconf 89' lang='lat' dir='ltr'>erat</span> <span class='ocrx_word' id='word_1_75' title='bbox 873 1364 911 1436; x_wconf 91' lang='lat' dir='ltr'>in</span> <span class='ocrx_word' id='word_1_76' title='bbox 928 1363 1035 1436; x_wconf 89' lang='lat' dir='ltr'>coelis</span> <span class='ocrx_word' id='word_1_77' title='bbox 1055 1370 1091 1435; x_wconf 92' lang='lat' dir='ltr'>et</span> <span class='ocrx_word' id='word_1_78' title='bbox 1112 1362 1285 1435; x_wconf 89' lang='lat' dir='ltr'>exultatio</span> 
     </span>
     <span class='ocr_line' id='line_1_12' title="bbox 197 1466 1285 1564; baseline 0 -26"><span class='ocrx_word' id='word_1_79' title='bbox 197 1467 348 1562; x_wconf 79' lang='lat' dir='ltr'>angelis,</span> <span class='ocrx_word' id='word_1_80' title='bbox 358 1467 441 1564; x_wconf 87' lang='lat' dir='ltr'>quia</span> <span class='ocrx_word' id='word_1_81' title='bbox 453 1467 604 1542; x_wconf 88' lang='lat' dir='ltr'>rebelles</span> <span class='ocrx_word' id='word_1_82' title='bbox 620 1491 656 1540; x_wconf 92' lang='lat' dir='ltr'>se</span> <span class='ocrx_word' id='word_1_83' title='bbox 672 1466 922 1558; x_wconf 86' lang='lat' dir='ltr'>submiserunt,</span> <span class='ocrx_word' id='word_1_84' title='bbox 931 1467 1138 1540; x_wconf 88' lang='lat' dir='ltr'>indocibiles</span> <span class='ocrx_word' id='word_1_85' title='bbox 1148 1466 1193 1538; x_wconf 87' lang='lat' dir='ltr'>ad</span> <span class='ocrx_word' id='word_1_86' title='bbox 1203 1468 1285 1540; x_wconf 89' lang='lat' dir='ltr'>obe-</span> 
     </span>
     <span class='ocr_line' id='line_1_13' title="bbox 195 1569 1283 1670; baseline 0.001 -29"><span class='ocrx_word' id='word_1_87' title='bbox 195 1570 366 1643; x_wconf 89' lang='lat' dir='ltr'>dientiam</span> <span class='ocrx_word' id='word_1_88' title='bbox 383 1571 530 1665; x_wconf 90' lang='lat' dir='ltr'>reducti,</span> <span class='ocrx_word' id='word_1_89' title='bbox 548 1578 750 1668; x_wconf 87' lang='lat' dir='ltr'>peccatores</span> <span class='ocrx_word' id='word_1_90' title='bbox 768 1571 968 1644; x_wconf 90' lang='lat' dir='ltr'>resuscitati</span> <span class='ocrx_word' id='word_1_91' title='bbox 987 1577 1022 1642; x_wconf 88' lang='lat' dir='ltr'>ct</span> <span class='ocrx_word' id='word_1_92' title='bbox 1034 1569 1214 1670; x_wconf 91' lang='lat' dir='ltr'>publicani</span> <span class='ocrx_word' id='word_1_93' title='bbox 1224 1571 1283 1666; x_wconf 89' lang='lat' dir='ltr'>ju-</span> 
     </span>
    </p>
   </div>
   <div class='ocr_carea' id='block_1_3' title="bbox 68 1667 1282 1768">
    <p class='ocr_par' dir='ltr' id='par_1_3' title="bbox 68 1667 1282 1768">
     <span class='ocr_line' id='line_1_14' title="bbox 68 1667 1282 1768; baseline 0.001 -23"><span class='ocrx_word' id='word_1_94' title='bbox 68 1667 73 1676; x_wconf 81' lang='grc'>’</span> <span class='ocrx_word' id='word_1_95' title='bbox 195 1675 338 1746; x_wconf 88' lang='lat' dir='ltr'>stificati</span> <span class='ocrx_word' id='word_1_96' title='bbox 364 1682 455 1748; x_wconf 90' lang='lat' dir='ltr'>sunt.</span> <span class='ocrx_word' id='word_1_97' title='bbox 483 1674 599 1763; x_wconf 82' lang='lat' dir='ltr'>Quum</span> <span class='ocrx_word' id='word_1_98' title='bbox 626 1674 729 1747; x_wconf 91' lang='lat' dir='ltr'>amici</span> <span class='ocrx_word' id='word_1_99' title='bbox 755 1699 836 1748; x_wconf 89' lang='lat' dir='ltr'>eum</span> <span class='ocrx_word' id='word_1_100' title='bbox 858 1675 1129 1748; x_wconf 88' lang='lat' dir='ltr'>dehortarentur</span> <span class='ocrx_word' id='word_1_101' title='bbox 1144 1673 1168 1768; x_wconf 85' lang='lat'>¹,</span> <span class='ocrx_word' id='word_1_102' title='bbox 1187 1675 1282 1747; x_wconf 91' lang='lat' dir='ltr'>cruci</span> 
     </span>
    </p>
   </div>
   <div class='ocr_carea' id='block_1_4' title="bbox 188 1777 1283 2708">
    <p class='ocr_par' dir='ltr' id='par_1_4' title="bbox 188 1777 1283 2189">
     <span class='ocr_line' id='line_1_15' title="bbox 193 1777 1283 1876; baseline 0.001 -27"><span class='ocrx_word' id='word_1_103' title='bbox 193 1777 450 1874; x_wconf 80' lang='lat' dir='ltr'>ignominiosae</span> <span class='ocrx_word' id='word_1_104' title='bbox 468 1802 540 1852; x_wconf 94' lang='lat' dir='ltr'>non</span> <span class='ocrx_word' id='word_1_105' title='bbox 557 1779 788 1873; x_wconf 81' lang='lat' dir='ltr'>renunciavit,</span> <span class='ocrx_word' id='word_1_106' title='bbox 816 1785 852 1851; x_wconf 92' lang='lat' dir='ltr'>et</span> <span class='ocrx_word' id='word_1_107' title='bbox 874 1803 982 1876; x_wconf 94' lang='lat' dir='ltr'>quum</span> <span class='ocrx_word' id='word_1_108' title='bbox 999 1778 1132 1850; x_wconf 92' lang='lat' dir='ltr'>inimici</span> <span class='ocrx_word' id='word_1_109' title='bbox 1150 1778 1183 1850; x_wconf 91' lang='lat' dir='ltr'>ei</span> <span class='ocrx_word' id='word_1_110' title='bbox 1200 1778 1283 1850; x_wconf 92' lang='lat' dir='ltr'>illu-</span> 
     </span>
     <span class='ocr_line' id='line_1_16' title="bbox 194 1881 1283 1980; baseline 0.004 -28"><span class='ocrx_word' id='word_1_111' title='bbox 194 1881 332 1977; x_wconf 92' lang='lat' dir='ltr'>derent,</span> <span class='ocrx_word' id='word_1_112' title='bbox 350 1907 371 1954; x_wconf 91' lang='lat' dir='ltr'>a</span> <span class='ocrx_word' id='word_1_113' title='bbox 390 1883 555 1955; x_wconf 89' lang='lat' dir='ltr'>societate</span> <span class='ocrx_word' id='word_1_114' title='bbox 573 1882 841 1980; x_wconf 90' lang='lat' dir='ltr'>publicanorum</span> <span class='ocrx_word' id='word_1_115' title='bbox 858 1906 929 1954; x_wconf 91' lang='lat' dir='ltr'>non</span> <span class='ocrx_word' id='word_1_116' title='bbox 946 1882 1104 1976; x_wconf 82' lang='lat' dir='ltr'>recessit,</span> <span class='ocrx_word' id='word_1_117' title='bbox 1123 1881 1185 1954; x_wconf 87' lang='lat' dir='ltr'>sed</span> <span class='ocrx_word' id='word_1_118' title='bbox 1203 1882 1283 1956; x_wconf 90' lang='lat' dir='ltr'>irri-</span> 
     </span>
     <span class='ocr_line' id='line_1_17' title="bbox 191 1983 1281 2084; baseline 0.001 -27"><span class='ocrx_word' id='word_1_119' title='bbox 191 1985 328 2078; x_wconf 78' lang='lat' dir='ltr'>sionem</span> <span class='ocrx_word' id='word_1_120' title='bbox 347 1987 482 2084; x_wconf 83' lang='lat' dir='ltr'>sprevit</span> <span class='ocrx_word' id='word_1_121' title='bbox 499 1993 535 2059; x_wconf 89' lang='lat' dir='ltr'>et</span> <span class='ocrx_word' id='word_1_122' title='bbox 552 1986 694 2060; x_wconf 91' lang='lat' dir='ltr'>laudern</span> <span class='ocrx_word' id='word_1_123' title='bbox 720 1986 941 2084; x_wconf 88' lang='lat' dir='ltr'>contempsit,</span> <span class='ocrx_word' id='word_1_124' title='bbox 961 1992 1111 2082; x_wconf 90' lang='lat' dir='ltr'>utroque</span> <span class='ocrx_word' id='word_1_125' title='bbox 1131 1983 1281 2059; x_wconf 87' lang='lat' dir='ltr'>salutem</span> 
     </span>
     <span class='ocr_line' id='line_1_18' title="bbox 188 2089 586 2189; baseline 0.003 -28"><span class='ocrx_word' id='word_1_126' title='bbox 188 2089 372 2162; x_wconf 90' lang='lat' dir='ltr'>hominum</span> <span class='ocrx_word' id='word_1_127' title='bbox 390 2090 586 2189; x_wconf 88' lang='lat' dir='ltr'>perficiens.</span> 
     </span>
    </p>

    <p class='ocr_par' dir='ltr' id='par_1_5' title="bbox 188 2193 1281 2708">
     <span class='ocr_line' id='line_1_19' title="bbox 297 2193 1281 2290; baseline 0 -24"><span class='ocrx_word' id='word_1_128' title='bbox 297 2195 413 2267; x_wconf 84' lang='lat' dir='ltr'>Tota</span> <span class='ocrx_word' id='word_1_129' title='bbox 438 2201 578 2267; x_wconf 88' lang='lat' dir='ltr'>nocte</span> <span class='ocrx_word' id='word_1_130' title='bbox 602 2193 926 2268; x_wconf 88' lang='lat' dir='ltr'>laboravimus</span> <span class='ocrx_word' id='word_1_131' title='bbox 953 2193 1052 2290; x_wconf 83' lang='lat' dir='ltr'>(Luc.</span> <span class='ocrx_word' id='word_1_132' title='bbox 1072 2197 1105 2288; x_wconf 89' lang='lat'>5,</span> <span class='ocrx_word' id='word_1_133' title='bbox 1120 2194 1168 2288; x_wconf 83' lang='lat'>5),</span> <span class='ocrx_word' id='word_1_134' title='bbox 1204 2193 1281 2289; x_wconf 90' lang='lat' dir='ltr'>qui-</span> 
     </span>
     <span class='ocr_line' id='line_1_20' title="bbox 188 2297 1279 2394; baseline 0.002 -24"><span class='ocrx_word' id='word_1_135' title='bbox 188 2299 257 2370; x_wconf 87' lang='lat' dir='ltr'>bus</span> <span class='ocrx_word' id='word_1_136' title='bbox 271 2298 388 2372; x_wconf 86' lang='lat' dir='ltr'>verbis</span> <span class='ocrx_word' id='word_1_137' title='bbox 404 2298 563 2372; x_wconf 92' lang='lat' dir='ltr'>doctrina</span> <span class='ocrx_word' id='word_1_138' title='bbox 571 2298 831 2394; x_wconf 89' lang='lat' dir='ltr'>Prophetarum</span> <span class='ocrx_word' id='word_1_139' title='bbox 840 2298 1068 2394; x_wconf 88' lang='lat' dir='ltr'>significatur,</span> <span class='ocrx_word' id='word_1_140' title='bbox 1078 2298 1121 2370; x_wconf 91' lang='lat' dir='ltr'>de</span> <span class='ocrx_word' id='word_1_141' title='bbox 1136 2297 1279 2372; x_wconf 86' lang='lat' dir='ltr'>excelso</span> 
     </span>
     <span class='ocr_line' id='line_1_21' title="bbox 189 2400 1277 2500; baseline 0.001 -27"><span class='ocrx_word' id='word_1_142' title='bbox 189 2401 302 2474; x_wconf 91' lang='lat' dir='ltr'>missa</span> <span class='ocrx_word' id='word_1_143' title='bbox 327 2400 365 2474; x_wconf 93' lang='lat' dir='ltr'>in</span> <span class='ocrx_word' id='word_1_144' title='bbox 390 2403 572 2496; x_wconf 92' lang='lat' dir='ltr'>mundum,</span> <span class='ocrx_word' id='word_1_145' title='bbox 598 2402 660 2498; x_wconf 91' lang='lat' dir='ltr'>qui</span> <span class='ocrx_word' id='word_1_146' title='bbox 685 2426 749 2499; x_wconf 89' lang='lat' dir='ltr'>per</span> <span class='ocrx_word' id='word_1_147' title='bbox 775 2425 872 2476; x_wconf 89' lang='lat' dir='ltr'>mare</span> <span class='ocrx_word' id='word_1_148' title='bbox 898 2408 1185 2500; x_wconf 86' lang='lat' dir='ltr'>repraesentatus</span> <span class='ocrx_word' id='word_1_149' title='bbox 1212 2408 1277 2474; x_wconf 87' lang='lat' dir='ltr'>est.</span> 
     </span>
     <span class='ocr_line' id='line_1_22' title="bbox 188 2504 1277 2604; baseline 0.002 -28"><span class='ocrx_word' id='word_1_150' title='bbox 188 2504 291 2577; x_wconf 90' lang='lat' dir='ltr'>Duae</span> <span class='ocrx_word' id='word_1_151' title='bbox 317 2529 426 2580; x_wconf 87' lang='lat' dir='ltr'>naves</span> <span class='ocrx_word' id='word_1_152' title='bbox 453 2513 536 2580; x_wconf 89' lang='lat' dir='ltr'>sunt</span> <span class='ocrx_word' id='word_1_153' title='bbox 561 2505 778 2578; x_wconf 90' lang='lat' dir='ltr'>circumcisio</span> <span class='ocrx_word' id='word_1_154' title='bbox 804 2515 840 2579; x_wconf 90' lang='lat' dir='ltr'>et</span> <span class='ocrx_word' id='word_1_155' title='bbox 864 2506 1100 2604; x_wconf 89' lang='lat' dir='ltr'>praeputium.</span> <span class='ocrx_word' id='word_1_156' title='bbox 1117 2507 1166 2580; x_wconf 82' lang='lat' dir='ltr'>ut</span> <span class='ocrx_word' id='word_1_157' title='bbox 1183 2505 1277 2602; x_wconf 92' lang='lat' dir='ltr'>quod</span> 
     </span>
     <span class='ocr_line' id='line_1_23' title="bbox 189 2608 1278 2708; baseline 0.004 -30"><span class='ocrx_word' id='word_1_158' title='bbox 189 2608 612 2684; x_wconf 88' lang='lat' dir='ltr'>innueruntsociis</span> <span class='ocrx_word' id='word_1_159' title='bbox 633 2610 743 2704; x_wconf 88' lang='lat' dir='ltr'>suis,</span> <span class='ocrx_word' id='word_1_160' title='bbox 761 2611 970 2707; x_wconf 85' lang='lat' dir='ltr'>mysterium</span> <span class='ocrx_word' id='word_1_161' title='bbox 983 2616 1039 2683; x_wconf 86' lang='lat' dir='ltr'>cst</span> <span class='ocrx_word' id='word_1_162' title='bbox 1053 2609 1278 2708; x_wconf 88' lang='lat' dir='ltr'>septuaginta</span> 
     </span>
    </p>
   </div>
   <div class='ocr_carea' id='block_1_5' title="bbox 187 2711 1397 2812">
    <p class='ocr_par' dir='ltr' id='par_1_6' title="bbox 187 2711 1397 2812">
     <span class='ocr_line' id='line_1_24' title="bbox 187 2711 1397 2812; baseline 0.002 -29"><span class='ocrx_word' id='word_1_163' title='bbox 187 2711 340 2786; x_wconf 93' lang='lat' dir='ltr'>duorum</span> <span class='ocrx_word' id='word_1_164' title='bbox 358 2715 621 2812; x_wconf 90' lang='lat' dir='ltr'>discipulorum,</span> <span class='ocrx_word' id='word_1_165' title='bbox 633 2714 716 2811; x_wconf 89' lang='lat' dir='ltr'>quia</span> <span class='ocrx_word' id='word_1_166' title='bbox 728 2715 894 2811; x_wconf 85' lang='lat' dir='ltr'>Apostoli</span> <span class='ocrx_word' id='word_1_167' title='bbox 909 2714 1108 2812; x_wconf 89' lang='lat' dir='ltr'>piscaturae</span> <span class='ocrx_word' id='word_1_168' title='bbox 1121 2720 1157 2787; x_wconf 88' lang='lat' dir='ltr'>et</span> <span class='ocrx_word' id='word_1_169' title='bbox 1169 2713 1278 2787; x_wconf 86' lang='lat' dir='ltr'>messi</span> <span class='ocrx_word' id='word_1_170' title='bbox 1395 2746 1397 2752; x_wconf 95' lang='lat'>·</span> 
     </span>
    </p>
   </div>
   <div class='ocr_carea' id='block_1_6' title="bbox 187 2817 1274 3123">
    <p class='ocr_par' dir='ltr' id='par_1_7' title="bbox 187 2817 1274 3123">
     <span class='ocr_line' id='line_1_25' title="bbox 187 2817 509 2892; baseline 0.012 -4"><span class='ocrx_word' id='word_1_171' title='bbox 187 2839 262 2889; x_wconf 92' lang='lat' dir='ltr'>non</span> <span class='ocrx_word' id='word_1_172' title='bbox 280 2817 509 2892; x_wconf 89' lang='lat' dir='ltr'>sufficiebant.</span> 
     </span>
     <span class='ocr_line' id='line_1_26' title="bbox 295 2920 1274 3018; baseline -0.001 -23"><span class='ocrx_word' id='word_1_173' title='bbox 295 2920 676 2996; x_wconf 89' lang='lat' dir='ltr'>ViditDominus</span> <span class='ocrx_word' id='word_1_174' title='bbox 702 2921 848 2994; x_wconf 86' lang='lat' dir='ltr'>fidem</span> <span class='ocrx_word' id='word_1_175' title='bbox 874 2944 1041 3018; x_wconf 91' lang='lat' dir='ltr'>eorum,</span> <span class='ocrx_word' id='word_1_176' title='bbox 1069 2921 1187 2994; x_wconf 90' lang='lat' dir='ltr'>dicit</span> <span class='ocrx_word' id='word_1_177' title='bbox 1214 2921 1274 2994; x_wconf 88' lang='lat' dir='ltr'>ei:</span> 
     </span>
     <span class='ocr_line' id='line_1_27' title="bbox 187 3022 1274 3123; baseline 0.006 -28"><span class='ocrx_word' id='word_1_178' title='bbox 187 3022 402 3099; x_wconf 90' lang='lat' dir='ltr'>Dimissa</span> <span class='ocrx_word' id='word_1_179' title='bbox 430 3025 1274 3123; x_wconf 70' lang='lat' dir='ltr'>sunttibipeccatatuatMrrn.9,1-13).</span> 
     </span>
    </p>
   </div>
   <div class='ocr_carea' id='block_1_7' title="bbox 69 3128 1277 3227">
    <p class='ocr_par' dir='ltr' id='par_1_8' title="bbox 69 3128 1277 3227">
     <span class='ocr_line' id='line_1_28' title="bbox 69 3128 1277 3227; baseline 0.001 -26"><span class='ocrx_word' id='word_1_180' title='bbox 69 3141 71 3144; x_wconf 82' lang='grc'><strong>’</strong></span> <span class='ocrx_word' id='word_1_181' title='bbox 185 3128 294 3223; x_wconf 87' lang='lat' dir='ltr'>Vide,</span> <span class='ocrx_word' id='word_1_182' title='bbox 307 3129 392 3226; x_wconf 92' lang='lat' dir='ltr'>quid</span> <span class='ocrx_word' id='word_1_183' title='bbox 410 3131 497 3204; x_wconf 89' lang='lat' dir='ltr'>fides</span> <span class='ocrx_word' id='word_1_184' title='bbox 515 3129 665 3204; x_wconf 91' lang='lat' dir='ltr'>aliorum</span> <span class='ocrx_word' id='word_1_185' title='bbox 685 3128 765 3202; x_wconf 88' lang='lat' dir='ltr'>aliis</span> <span class='ocrx_word' id='word_1_186' title='bbox 779 3129 967 3225; x_wconf 89' lang='lat' dir='ltr'>praestitit.</span> <span class='ocrx_word' id='word_1_187' title='bbox 981 3132 1038 3204; x_wconf 90' lang='lat' dir='ltr'>Ab</span> <span class='ocrx_word' id='word_1_188' title='bbox 1056 3130 1134 3227; x_wconf 91' lang='lat' dir='ltr'>ipso</span> <span class='ocrx_word' id='word_1_189' title='bbox 1153 3153 1277 3224; x_wconf 88' lang='lat' dir='ltr'>aegro·</span> 
     </span>
    </p>
   </div>
   <div class='ocr_carea' id='block_1_8' title="bbox 183 3233 1277 3744">
    <p class='ocr_par' dir='ltr' id='par_1_9' title="bbox 183 3233 1277 3744">
     <span class='ocr_line' id='line_1_29' title="bbox 187 3233 1277 3332; baseline 0.003 -29"><span class='ocrx_word' id='word_1_190' title='bbox 187 3237 227 3303; x_wconf 90' lang='lat' dir='ltr'>to</span> <span class='ocrx_word' id='word_1_191' title='bbox 246 3233 351 3306; x_wconf 89' lang='lat' dir='ltr'>fidem</span> <span class='ocrx_word' id='word_1_192' title='bbox 369 3258 441 3307; x_wconf 94' lang='lat' dir='ltr'>non</span> <span class='ocrx_word' id='word_1_193' title='bbox 458 3233 663 3332; x_wconf 85' lang='lat' dir='ltr'>postulavit,</span> <span class='ocrx_word' id='word_1_194' title='bbox 682 3233 765 3330; x_wconf 88' lang='lat' dir='ltr'>quia</span> <span class='ocrx_word' id='word_1_195' title='bbox 782 3233 939 3306; x_wconf 88' lang='lat' dir='ltr'>aedificio</span> <span class='ocrx_word' id='word_1_196' title='bbox 953 3233 1131 3306; x_wconf 91' lang='lat' dir='ltr'>destructo</span> <span class='ocrx_word' id='word_1_197' title='bbox 1150 3233 1277 3306; x_wconf 91' lang='lat' dir='ltr'>similis</span> 
     </span>
     <span class='ocr_line' id='line_1_30' title="bbox 188 3337 1274 3434; baseline 0.002 -26"><span class='ocrx_word' id='word_1_198' title='bbox 188 3343 226 3408; x_wconf 90' lang='lat' dir='ltr'>et</span> <span class='ocrx_word' id='word_1_199' title='bbox 245 3337 429 3434; x_wconf 89' lang='lat' dir='ltr'>suiipsius</span> <span class='ocrx_word' id='word_1_200' title='bbox 446 3339 541 3411; x_wconf 91' lang='lat' dir='ltr'>haud</span> <span class='ocrx_word' id='word_1_201' title='bbox 559 3337 717 3411; x_wconf 91' lang='lat' dir='ltr'>conscius</span> <span class='ocrx_word' id='word_1_202' title='bbox 731 3343 818 3431; x_wconf 89' lang='lat' dir='ltr'>erat,</span> <span class='ocrx_word' id='word_1_203' title='bbox 836 3337 1130 3433; x_wconf 90' lang='lat' dir='ltr'>quemadmodum</span> <span class='ocrx_word' id='word_1_204' title='bbox 1147 3361 1212 3410; x_wconf 88' lang='lat' dir='ltr'>nec</span> <span class='ocrx_word' id='word_1_205' title='bbox 1230 3339 1274 3411; x_wconf 88' lang='lat' dir='ltr'>ab</span> 
     </span>
     <span class='ocr_line' id='line_1_31' title="bbox 183 3441 1276 3539; baseline 0 -27"><span class='ocrx_word' id='word_1_206' title='bbox 183 3441 250 3514; x_wconf 93' lang='lat' dir='ltr'>illo</span> <span class='ocrx_word' id='word_1_207' title='bbox 263 3441 366 3513; x_wconf 91' lang='lat' dir='ltr'>unico</span> <span class='ocrx_word' id='word_1_208' title='bbox 384 3441 487 3514; x_wconf 75' lang='lat' dir='ltr'>fili0²</span> <span class='ocrx_word' id='word_1_209' title='bbox 505 3442 639 3539; x_wconf 92' lang='lat' dir='ltr'>aliquid</span> <span class='ocrx_word' id='word_1_210' title='bbox 657 3441 780 3537; x_wconf 88' lang='lat' dir='ltr'>exigit,</span> <span class='ocrx_word' id='word_1_211' title='bbox 805 3441 906 3514; x_wconf 89' lang='lat' dir='ltr'>seda</span> <span class='ocrx_word' id='word_1_212' title='bbox 928 3448 1028 3537; x_wconf 88' lang='lat' dir='ltr'>patre</span> <span class='ocrx_word' id='word_1_213' title='bbox 1047 3442 1134 3538; x_wconf 89' lang='lat' dir='ltr'>ejus,</span> <span class='ocrx_word' id='word_1_214' title='bbox 1161 3464 1276 3538; x_wconf 88' lang='lat' dir='ltr'>neque</span> 
     </span>
     <span class='ocr_line' id='line_1_32' title="bbox 185 3545 1276 3641; baseline 0 -23"><span class='ocrx_word' id='word_1_215' title='bbox 185 3547 233 3618; x_wconf 90' lang='lat' dir='ltr'>ab</span> <span class='ocrx_word' id='word_1_216' title='bbox 259 3545 322 3617; x_wconf 92' lang='lat' dir='ltr'>illa</span> <span class='ocrx_word' id='word_1_217' title='bbox 346 3547 430 3641; x_wconf 90' lang='lat' dir='ltr'>filia,</span> <span class='ocrx_word' id='word_1_218' title='bbox 457 3547 520 3619; x_wconf 90' lang='lat' dir='ltr'>sed</span> <span class='ocrx_word' id='word_1_219' title='bbox 546 3551 704 3620; x_wconf 89' lang='lat' dir='ltr'>amatre</span> <span class='ocrx_word' id='word_1_220' title='bbox 731 3545 964 3618; x_wconf 66' lang='lat' dir='ltr'>chananitide</span> <span class='ocrx_word' id='word_1_221' title='bbox 1001 3545 1161 3618; x_wconf 87' lang='lat' dir='ltr'>dicente:</span> <span class='ocrx_word' id='word_1_222' title='bbox 1196 3546 1276 3618; x_wconf 74' lang='lat' dir='ltr'>uldt</span> 
     </span>
     <span class='ocr_line' id='line_1_33' title="bbox 186 3647 1273 3744; baseline -0.001 -23"><span class='ocrx_word' id='word_1_223' title='bbox 186 3672 293 3723; x_wconf 89' lang='lat' dir='ltr'>canes</span> <span class='ocrx_word' id='word_1_224' title='bbox 311 3649 545 3727; x_wconf 74' lang='lat' dir='ltr'>satiantur³„.</span> <span class='ocrx_word' id='word_1_225' title='bbox 573 3650 670 3724; x_wconf 83' lang='lat' dir='ltr'>Oura</span> <span class='ocrx_word' id='word_1_226' title='bbox 695 3671 781 3744; x_wconf 88' lang='lat' dir='ltr'>ergo</span> <span class='ocrx_word' id='word_1_227' title='bbox 807 3649 854 3722; x_wconf 90' lang='lat' dir='ltr'>sit</span> <span class='ocrx_word' id='word_1_228' title='bbox 879 3647 973 3722; x_wconf 70' lang='lat' dir='ltr'>tibil</span> <span class='ocrx_word' id='word_1_229' title='bbox 992 3649 1117 3722; x_wconf 89' lang='lat' dir='ltr'>salutis</span> <span class='ocrx_word' id='word_1_230' title='bbox 1135 3649 1273 3722; x_wconf 91' lang='lat' dir='ltr'>animae</span> 
     </span>
    </p>
   </div>
   <div class='ocr_carea' id='block_1_9' title="bbox 181 3841 1274 4158">
    <p class='ocr_par' dir='ltr' id='par_1_10' title="bbox 181 3841 1274 4079">
     <span class='ocr_line' id='line_1_34' title="bbox 270 3841 1274 3920; baseline 0 -20"><span class='ocrx_word' id='word_1_231' title='bbox 270 3845 297 3901; x_wconf 89' lang='lat'>1.</span> <span class='ocrx_word' id='word_1_232' title='bbox 318 3843 364 3902; x_wconf 82' lang='lat' dir='ltr'>Of.</span> <span class='ocrx_word' id='word_1_233' title='bbox 376 3843 493 3903; x_wconf 72' lang='lat' dir='ltr'>Mamm</span> <span class='ocrx_word' id='word_1_234' title='bbox 516 3847 561 3918; x_wconf 88' lang='lat'>16,</span> <span class='ocrx_word' id='word_1_235' title='bbox 576 3846 624 3902; x_wconf 87' lang='grc'>22.</span> <span class='ocrx_word' id='word_1_236' title='bbox 643 3843 826 3902; x_wconf 85' lang='lat' dir='ltr'>Armeniaca</span> <span class='ocrx_word' id='word_1_237' title='bbox 838 3861 899 3904; x_wconf 81' lang='lat' dir='ltr'>vox</span> <span class='ocrx_word' id='word_1_238' title='bbox 920 3843 1011 3918; x_wconf 85' lang='lat' dir='ltr'>vulgo</span> <span class='ocrx_word' id='word_1_239' title='bbox 1030 3841 1208 3920; x_wconf 68' lang='lat' dir='ltr'>texpiare„</span> <span class='ocrx_word' id='word_1_240' title='bbox 1236 3841 1274 3900; x_wconf 85' lang='lat' dir='ltr'>si-</span> 
     </span>
     <span class='ocr_line' id='line_1_35' title="bbox 186 3921 1274 4000; baseline 0 -20"><span class='ocrx_word' id='word_1_241' title='bbox 186 3922 324 3999; x_wconf 87' lang='lat' dir='ltr'>gnificat,</span> <span class='ocrx_word' id='word_1_242' title='bbox 335 3922 393 3982; x_wconf 94' lang='lat' dir='ltr'>hoc</span> <span class='ocrx_word' id='word_1_243' title='bbox 404 3928 506 3982; x_wconf 83' lang='lat' dir='ltr'>autem</span> <span class='ocrx_word' id='word_1_244' title='bbox 516 3924 595 4000; x_wconf 90' lang='lat' dir='ltr'>loco,</span> <span class='ocrx_word' id='word_1_245' title='bbox 607 3925 642 3980; x_wconf 89' lang='lat' dir='ltr'>ut</span> <span class='ocrx_word' id='word_1_246' title='bbox 653 3926 684 3980; x_wconf 91' lang='lat' dir='ltr'>et</span> <span class='ocrx_word' id='word_1_247' title='bbox 696 3921 775 3983; x_wconf 86' lang='lat' dir='ltr'>infra</span> <span class='ocrx_word' id='word_1_248' title='bbox 786 3925 842 3982; x_wconf 83' lang='lat'>209</span> <span class='ocrx_word' id='word_1_249' title='bbox 854 3923 934 3982; x_wconf 86' lang='lat' dir='ltr'>idem</span> <span class='ocrx_word' id='word_1_250' title='bbox 945 3927 993 3982; x_wconf 86' lang='lat' dir='ltr'>est</span> <span class='ocrx_word' id='word_1_251' title='bbox 1007 3923 1088 3999; x_wconf 91' lang='lat' dir='ltr'>quod</span> <span class='ocrx_word' id='word_1_252' title='bbox 1101 3928 1188 3997; x_wconf 63' lang='grc' dir='ltr'><em>ωυΙη,</em></span> <span class='ocrx_word' id='word_1_253' title='bbox 1197 3948 1274 3998; x_wconf 61' lang='grc' dir='ltr'>μοι.</span> 
     </span>
     <span class='ocr_line' id='line_1_36' title="bbox 181 4001 581 4079; baseline -0.003 -20"><span class='ocrx_word' id='word_1_254' title='bbox 181 4005 256 4079; x_wconf 58' lang='lat' dir='ltr'>Lluff</span> <span class='ocrx_word' id='word_1_255' title='bbox 271 4001 393 4061; x_wconf 84' lang='lat' dir='ltr'>dicere:</span> <span class='ocrx_word' id='word_1_256' title='bbox 407 4003 499 4062; x_wconf 90' lang='lat' dir='ltr'>Absit</span> <span class='ocrx_word' id='word_1_257' title='bbox 512 4003 581 4063; x_wconf 88' lang='lat' dir='ltr'>hoc.</span> 
     </span>
    </p>

    <p class='ocr_par' dir='ltr' id='par_1_11' title="bbox 271 4078 1274 4158">
     <span class='ocr_line' id='line_1_37' title="bbox 271 4078 1274 4158; baseline -0.001 -20"><span class='ocrx_word' id='word_1_258' title='bbox 271 4082 300 4138; x_wconf 84' lang='lat'>2.</span> <span class='ocrx_word' id='word_1_259' title='bbox 316 4079 428 4140; x_wconf 84' lang='lat' dir='ltr'>Ocnicr</span> <span class='ocrx_word' id='word_1_260' title='bbox 441 4082 514 4140; x_wconf 84' lang='lat' dir='ltr'>Luc.</span> <span class='ocrx_word' id='word_1_261' title='bbox 528 4086 556 4158; x_wconf 83' lang='lat'>9,</span> <span class='ocrx_word' id='word_1_262' title='bbox 571 4084 619 4157; x_wconf 81' lang='lat'>38,</span> <span class='ocrx_word' id='word_1_263' title='bbox 639 4081 692 4140; x_wconf 90' lang='lat' dir='ltr'>ubi</span> <span class='ocrx_word' id='word_1_264' title='bbox 706 4095 784 4158; x_wconf 87' lang='lat' dir='ltr'>puer</span> <span class='ocrx_word' id='word_1_265' title='bbox 797 4078 1013 4140; x_wconf 88' lang='lat' dir='ltr'>daemoniacus</span> <span class='ocrx_word' id='word_1_266' title='bbox 1026 4081 1099 4158; x_wconf 89' lang='lat' dir='ltr'>post</span> <span class='ocrx_word' id='word_1_267' title='bbox 1112 4078 1274 4156; x_wconf 87' lang='lat' dir='ltr'>transfigu-</span> 
     </span>
    </p>
   </div>
   <div class='ocr_carea' id='block_1_10' title="bbox 185 4159 847 4236">
    <p class='ocr_par' dir='ltr' id='par_1_12' title="bbox 185 4159 847 4236">
     <span class='ocr_line' id='line_1_38' title="bbox 185 4159 847 4236; baseline -0.006 -17"><span class='ocrx_word' id='word_1_268' title='bbox 185 4159 340 4220; x_wconf 88' lang='lat' dir='ltr'>rationem</span> <span class='ocrx_word' id='word_1_269' title='bbox 354 4163 481 4218; x_wconf 88' lang='lat' dir='ltr'>sanatus</span> <span class='ocrx_word' id='word_1_270' title='bbox 498 4176 511 4208; x_wconf 78' lang='lat' dir='ltr'>u</span> <span class='ocrx_word' id='word_1_271' title='bbox 523 4163 665 4236; x_wconf 72' lang='grc' dir='ltr'>μονογενής</span> <span class='ocrx_word' id='word_1_272' title='bbox 678 4191 692 4225; x_wconf 77' lang='lat' dir='ltr'>a</span> <span class='ocrx_word' id='word_1_273' title='bbox 708 4163 847 4230; x_wconf 80' lang='lat' dir='ltr'>vocatur.</span> 
     </span>
    </p>
   </div>
   <div class='ocr_carea' id='block_1_11' title="bbox 268 4238 1272 4398">
    <p class='ocr_par' dir='ltr' id='par_1_13' title="bbox 268 4238 1272 4398">
     <span class='ocr_line' id='line_1_39' title="bbox 268 4238 560 4314; baseline 0.007 -16"><span class='ocrx_word' id='word_1_274' title='bbox 268 4241 297 4298; x_wconf 83' lang='lat'>3.</span> <span class='ocrx_word' id='word_1_275' title='bbox 317 4238 434 4300; x_wconf 73' lang='lat' dir='ltr'>Murra.</span> <span class='ocrx_word' id='word_1_276' title='bbox 450 4241 496 4314; x_wconf 84' lang='lat'>15,</span> <span class='ocrx_word' id='word_1_277' title='bbox 512 4243 560 4300; x_wconf 86' lang='grc'>26.</span> 
     </span>
     <span class='ocr_line' id='line_1_40' title="bbox 270 4314 1272 4398; baseline -0.005 -22"><span class='ocrx_word' id='word_1_278' title='bbox 270 4319 298 4376; x_wconf 87' lang='grc'>4.</span> <span class='ocrx_word' id='word_1_279' title='bbox 319 4318 404 4380; x_wconf 86' lang='lat' dir='ltr'>Haec</span> <span class='ocrx_word' id='word_1_280' title='bbox 420 4321 516 4380; x_wconf 83' lang='lat' dir='ltr'>verba</span> <span class='ocrx_word' id='word_1_281' title='bbox 535 4319 625 4380; x_wconf 91' lang='lat' dir='ltr'>modo</span> <span class='ocrx_word' id='word_1_282' title='bbox 647 4315 870 4398; x_wconf 87' lang='lat' dir='ltr'>deprecationis</span> <span class='ocrx_word' id='word_1_283' title='bbox 884 4316 923 4377; x_wconf 87' lang='lat' dir='ltr'>ad</span> <span class='ocrx_word' id='word_1_284' title='bbox 937 4315 1092 4379; x_wconf 76' lang='lat' dir='ltr'>Christum</span> <span class='ocrx_word' id='word_1_285' title='bbox 1113 4317 1195 4378; x_wconf 88' lang='lat' dir='ltr'>dicta</span> <span class='ocrx_word' id='word_1_286' title='bbox 1209 4314 1272 4376; x_wconf 87' lang='lat' dir='ltr'>exi-</span> 
     </span>
    </p>
   </div>
   <div class='ocr_carea' id='block_1_12' title="bbox 189 4395 292 4458">
    <p class='ocr_par' dir='ltr' id='par_1_14' title="bbox 189 4395 292 4458">
     <span class='ocr_line' id='line_1_41' title="bbox 189 4395 292 4458; baseline -0.039 -2"><span class='ocrx_word' id='word_1_287' title='bbox 189 4395 292 4458; x_wconf 87' lang='lat' dir='ltr'>stimo.</span> 
     </span>
    </p>
   </div>
   <div class='ocr_carea' id='block_1_13' title="bbox 0 0 1614 5024">
    <p class='ocr_par' dir='ltr' id='par_1_15' title="bbox 0 0 1614 5024">
     <span class='ocr_line' id='line_1_42' title="bbox 0 0 1614 5024; baseline 0 6"><span class='ocrx_word' id='word_1_288' title='bbox 0 0 1614 5024; x_wconf 95' lang='lat' dir='ltr'> </span> 
     </span>
    </p>
   </div>
  </div>
 </body>
</html>
