3260 5020
1229 295 1295 367 251

208 431 302 518 runt,
321 423 462 497 dolores
491 431 609 496 autern
637 424 935 519 circumcisorum,
954 426 1015 521 qui
1041 448 1169 498 revera
1194 425 1299 498 incir-

205 525 353 598 cumcisi
373 535 455 598 sunt
470 527 495 622 ¹,
514 535 730 600 renovantur
749 528 792 599 de
811 529 868 600 die
887 527 925 624 ip
942 528 1048 621 diem,
1066 527 1151 623 quia
1175 549 1241 598 nec
1261 527 1299 598 in

152 722 156 730 Ι
206 651 277 701 sua
297 630 385 702 urbe
405 628 738 722 manendifacultas
757 630 809 702 eis
825 629 985 721 dabatur,
1000 653 1066 702 nec
1082 630 1120 700 in
1137 651 1214 700 earn
1233 628 1299 700 ite-

212 755 290 804 rum
310 732 444 804 reverti
470 737 630 829 possunt.
660 732 699 804 Si
716 739 863 829 propter
891 755 1030 828 corpus,
1049 732 1142 828 quod
1165 730 1300 803 occide·

153 889 157 896 .
208 841 303 927 runt,
324 840 360 905 et
378 833 607 930 sepelierunt,
626 835 817 931 opprobria
833 837 877 909 ab
897 835 949 906 eis
967 835 1069 907 nobis
1087 833 1301 926 inseruntur,

205 935 297 1008 haec
314 936 505 1032 opprobria
521 936 609 1033 ipsis
626 937 868 1010 confusionem
886 942 1024 1033 parant,
1040 937 1207 1034 quiahoc
1224 957 1300 1008 cor-

204 1059 279 1133 ·pus
296 1038 514 1112 vivificatum
540 1045 595 1111 est
622 1046 659 1110 et
676 1041 836 1112 surrexit
862 1047 898 1111 et
924 1040 1026 1112 sedet
1051 1039 1095 1111 ad
1114 1038 1301 1110 dexteram

204 1137 289 1212 Dei.
309 1139 476 1233 Tabulas,
494 1164 582 1236 quas
599 1140 698 1214 Deus
717 1141 861 1236 excidit,
880 1142 1064 1238 inquibus
1091 1148 1213 1214 sancta
1237 1163 1300 1213 no-

212 1243 308 1315 mina
322 1241 338 1290 ²
356 1243 511 1338 scripsit,
530 1250 676 1339 propter
690 1266 778 1340 quas
793 1251 830 1316 et
847 1267 929 1317 arca
946 1244 1102 1339 gloriosa
1118 1251 1299 1315 construc-

211 1351 248 1416 ta
265 1351 332 1438 eet,
350 1344 495 1441 Moyses
513 1344 688 1439 confregit
706 1353 741 1418 et
758 1345 958 1442 fragmenta
982 1369 1104 1420 earum
1130 1369 1202 1417 non
1227 1369 1301 1416 am-

204 1446 308 1544 plius
322 1449 640 1544 conjungebantur,
655 1457 690 1520 et
699 1455 820 1544 partes
830 1445 976 1521 earum³
990 1471 1061 1520 non
1075 1447 1239 1544 amplius,
1248 1447 1302 1519 uti

213 1555 334 1646 partes
352 1551 521 1646 corporis,
538 1552 849 1644 connectebantur,
867 1573 934 1621 nec
959 1550 1045 1642 vito,
1063 1573 1130 1622 nec
1156 1572 1304 1622 renova·

215 1651 275 1746 tic,
293 1674 359 1724 nec
377 1651 473 1724 aliud
490 1652 695 1748 quidquam,
714 1653 809 1747 quod
826 1652 886 1724 vel
912 1653 1118 1749 corporibus
1143 1658 1304 1748 peccato-

207 1775 293 1826 ¹rum
307 1753 380 1847 fiet,
395 1755 447 1826 eis
461 1756 621 1830 dabatur.
635 1756 806 1827 Attamen
819 1779 864 1829 ne
883 1763 1056 1851 reponant
1071 1782 1078 1826 :
1097 1755 1248 1828 Sanctus
1267 1755 1305 1825 in

215 1861 317 1927 utero
335 1879 516 1952 nunquam
541 1856 724 1950 habitavit,
751 1858 922 1931 Ieremias
941 1880 1001 1930 eos
1019 1857 1149 1952 arguit,
1170 1856 1231 1951 qni
1249 1855 1303 1927 di-

215 1957 285 2030 cit:
307 1961 543 2055 “Antequam
561 1981 627 2054 ego
644 1959 834 2032 formarem
852 1969 887 2031 te
905 1959 943 2032 in
968 1967 1081 2052 utero,
1099 1958 1250 2054 cognovi
1266 1965 1302 2030 te

216 2065 252 2132 et
268 2067 459 2157 antequam
477 2062 596 2134 exires
615 2085 634 2133 e
652 2069 790 2156 ventre,
809 2061 1023 2135 sanctificavi
1042 2069 1077 2133 te
1092 2059 1122 2133 ²².

319 2163 367 2235 Et
386 2164 416 2236 si
434 2164 586 2236 ulterius
604 2164 648 2236 de
674 2187 777 2236 cruce
804 2165 1024 2238 occasionem
1051 2169 1196 2236 sumunt
1220 2161 1303 2234 illu'-

215 2262 334 2354 dendi,
353 2289 434 2340 ecce
453 2273 637 2362 serpentes
656 2266 695 2339 in
712 2267 852 2340 deserto
866 2291 927 2340 eos
949 2273 1116 2362 arguunt,
1135 2265 1301 2362 queniam

206 2365 403 2441 maledicto
438 2375 602 2466 serpente
632 2368 757 2441 fideles
788 2370 903 2442 sanati
933 2377 1027 2461 sunt,
1062 2391 1144 2450 narn
1173 2367 1304 2441 ludaei

206 2469 294 2542 ausi
312 2478 407 2565 sunt,
425 2495 565 2545 crucem
579 2471 721 2554 nomine
735 2471 922 2545 maledicto
939 2477 1074 2544 notare.
1092 2471 1141 2543 Et
1152 2471 1304 2544 honora-

215 2579 300 2644 runt
332 2576 480 2647 arietem
510 2573 549 2646 in
579 2577 719 2668 arbore,
749 2575 900 2672 figuram
931 2574 1017 2668 agni
1045 2573 1123 2646 veri
1140 2573 1304 2647 inerme

214 2673 419 2771 gloriosal,
459 2677 521 2772 qui
559 2700 625 2773 pro
664 2677 766 2750 Isaac
791 2677 902 2772 ligato
941 2675 1112 2748 mundum
1152 2675 1304 2770 ligatum

209 2774 389 2852 liberavit.
430 2778 523 2868 Quia
552 2779 707 2876 populus
733 2787 809 2852 erat
839 2777 1067 2871 maledictus,
1098 2801 1163 2872 per
1195 2776 1306 2867 male-¹

213 2876 345 2952 dictum
370 2905 430 2956 eos
458 2880 629 2975 salvavit,
661 2889 786 2976 gentes
812 2887 930 2952 autem
958 2902 1023 2975 per
1049 2879 1305 2951 vivificatorem

212 2981 369 3054 omnium
401 2991 544 3057 sanatae
577 2991 670 3057 sunt.
707 2984 800 3072 Quia
830 2981 953 3053 traditi
984 2988 1086 3053 erant
1103 2979 1304 3066 ¹maledicto
1382 2993 1386 2998 “

214 3085 383 3180 serpenti,
401 3087 462 3183 qui
480 3093 562 3159 ante
589 3109 649 3160 eos
677 3111 741 3183 per
764 3085 915 3180 Moysen
946 3105 1128 3178 expansus
1155 3087 1221 3176 est,
1248 3104 1305 3154 co·

208 3181 358 3260 luerunt
389 3198 426 3263 et
464 3190 658 3264 adorarunt
698 3195 899 3284 serpentem
939 3208 1112 3280 aeneum,
1143 3183 1205 3280 qui
1239 3209 1305 3280 pro

210 3291 423 3387 corporibus
441 3294 578 3368 animas
597 3292 752 3389 perdidit
761 3290 787 3362 ⁶.
806 3290 876 3379 Qui
889 3288 934 3361 ad
949 3295 1149 3383 serpentem
1171 3310 1306 3384 expan-

209 3411 293 3464 sum
325 3395 502 3491 respicere
533 3395 659 3487 noluit,
691 3393 808 3490 plagis
840 3392 912 3464 suis
931 3391 1110 3465 interibat
1137 3391 1305 3464 Fortasse

216 3515 288 3565 non
307 3503 409 3567 erant
436 3497 536 3594 digni
563 3496 696 3571 intueri
721 3497 759 3570 in
784 3496 912 3587 Deum,
931 3493 1010 3566 ideo
1038 3494 1076 3566 in
1103 3499 1306 3588 serpentem

210 3593 267 3668 eis
282 3595 433 3670 similem
466 3601 693 3675 intuebantur
712 3606 748 3672 et
768 3599 1009 3673 salvabantur.
1028 3597 1076 3670 Et
1101 3595 1185 3692 quia
1207 3595 1306 3666 Deus

211 3832 214 3836 ·
295 3801 321 3859 1.
343 3799 392 3859 Sic
407 3802 531 3860 Aucher
545 3803 629 3860 recte
643 3803 722 3860 hunc
746 3801 847 3860 locum
870 3799 974 3870 vertit,
999 3799 1050 3874 qui
1064 3799 1102 3858 ad
1116 3795 1245 3857 verbnm
1260 3795 1305 3854 ita

215 3893 249 3934 se
262 3877 374 3936 babet:
388 3880 521 3942 Dolores
536 3875 637 3937 autern
653 3875 901 3938 circumcisorum
918 3882 949 3936 et
962 3877 1254 3935 incircumcisorum.

292 3956 321 4012 2.
342 3957 392 4014 Ita
405 3959 444 4016 ad
457 3959 596 4017 verbum.
610 3957 740 4016 Nomina
754 3957 783 4014 h.
798 3957 817 4014 l·
832 3955 928 4016 uerba
942 3955 1113 4029 significare
1132 3953 1285 4013 existimo.

292 4036 321 4090 3.
342 4035 392 4092 Ita
406 4036 436 4092 in
452 4037 519 4094 eod.
533 4038 569 4094 B.
582 4037 619 4094 In
634 4037 701 4095 cod.
714 4037 742 4095 A
755 4035 833 4093 falso
851 4052 864 4081 e
878 4035 945 4110 ejus
959 4064 972 4096 s
989 4034 1112 4108 legitur.

291 4115 321 4246 ἓ.
341 4113 518 4251 llili'el'd.
533 4191 567 4248 B.
583 4189 670 4250 Gonf.
684 4189 759 4249 Gnn.
770 4191 820 4260 22,
837 4192 883 4251 132

215 4304 219 4309 ·
292 4267 320 4328 6.
341 4269 426 4330 Haec
442 4272 473 4329 et
488 4271 653 4346 sequentes
668 4270 746 4328 duae
770 4266 941 4328 sententiae
965 4282 1005 4325 ex
1022 4265 1127 4326 codB
1144 4263 1305 4326 correctae

111 4372 115 4380 ·
214 4347 294 4404 sunt.
