3280 5028
257 318 259 327 ·
309 299 380 381 uso
492 355 499 368 .

309 454 448 538 quoque
474 451 581 527 super
597 451 719 527 equas.
735 427 974 520 ambulavero,
996 429 1081 500 tune
1096 421 1184 520 suiuy
1203 429 1240 496 te
1267 421 1394 498 eodem

311 557 477 630 corpore,
503 533 597 628 quod
637 556 704 630 ego
738 545 773 608 te
813 528 1075 622 habersuam,
1106 526 1320 607 ambulasset
1343 528 1394 604 Et

310 659 418 738 quum
435 636 677 732 descenderet,
695 643 735 711 ut
752 638 792 710 in
811 635 903 710 mari
926 633 1137 726 ambularet,
1154 631 1394 728 etcoepisaet

310 741 436 838 mergi,
462 739 644 814 Christum
669 765 742 817 non
765 741 928 836 negavit,
955 762 1037 812 nam
1065 735 1231 810 Christum
1260 735 1295 822 ei
1319 757 1392 810 uon

313 844 405 928 dixit
424 866 439 902 u
458 845 533 918 sinc
550 845 621 917 fide
643 883 671 938 a,
699 845 763 918 ced
782 867 797 905 u
815 841 970 918 modicae
996 841 1081 918 fidei
1096 880 1125 918 a.
1142 838 1246 914 More
1272 843 1393 913 autem

310 947 501 1032 Dominum
519 949 664 1022 sustulit
681 956 717 1022 et
734 948 809 1024 suis
826 947 930 1022 undis
946 945 1101 1042 portavit
1118 953 1155 1018 et
1171 942 1391 1018 lucratione

309 1049 416 1145 viarm
432 1075 537 1148 quam
563 1052 736 1126 Dominus
752 1051 935 1149 Apostolis
953 1050 1026 1126 suris
1050 1049 1088 1122 in
1113 1048 1224 1122 terris
1248 1047 1388 1138 strant,

309 1155 521 1250 significauit
537 1156 658 1254 ibique
673 1157 820 1254 impleta
836 1161 919 1228 sunt
930 1157 1042 1255 verba
1056 1153 1284 1250 Scripturas:
1303 1173 1319 1210 u
1332 1150 1393 1224 Tu

310 1257 503 1342 dominaris
528 1259 698 1357 potestati
731 1260 838 1334 maris
865 1265 901 1332 et
926 1257 1195 1332 commotionem
1216 1255 1393 1328 ⁴fluctuum

311 1363 387 1458 ejus
416 1371 455 1442 tu
481 1363 671 1460 mitigas¹.
708 1363 814 1439 Cum
843 1363 1061 1436 uenisset
1094 1360 1318 1436 Dominus
1345 1366 1393 1432 ot

310 1467 748 1542 eumPetrouavem
774 1466 1273 1559 ascendissetflentua
1294 1485 1390 1536 ces·

311 1570 437 1644 savit
472 1580 516 1644 et
549 1571 746 1668 quieuit.
784 1571 896 1646 Arius
925 1593 1084 1667 quoque,
1117 1569 1179 1664 qui
1212 1565 1392 1642 nativitati

311 1671 447 1751 Christi
473 1699 520 1748 ex
544 1674 652 1748 Patre
677 1676 914 1770 contradicit‚-
928 1673 1090 1772 arguitur
1128 1673 1392 1768 perverbum,

311 1779 406 1874 quod
431 1778 557 1852 imilla
584 1781 819 1854 navidiotum
845 1785 918 1854 est:
944 1775 1209 1852 Venientes
1240 1797 1391 1848 acces·

311 1889 477 1969 serunt
503 1884 556 1956 ad
590 1883 831 1958 Dominum
863 1889 908 1957 et
933 1886 1209 1976 coeperunt
1229 1901 1326 1952 eum
1351 1902 1393 1952 a·

310 1985 478 2060 durare
506 1994 550 2060 et
584 1988 767 2061 dicere:
793 1987 917 2062 Vere
952 1983 1109 2060 Filius
1142 1983 1231 2058 Dei
1257 2005 1304 2056 es
1329 1989 1391 2057 tu.

308 2089 408 2170 Haec
425 2098 618 2164 consonant
635 2115 715 2164 cum
732 2091 784 2165 eis
801 2115 891 2187 quae
909 2089 953 2162 de
968 2111 1010 2162 eo
1028 2087 1160 2184 scripta
1176 2093 1281 2162 sunt:
1297 2108 1314 2143 α
1325 2086 1391 2160 Vi»,

308 2191 438 2273 derunt
454 2201 490 2268 te
507 2219 619 2292 aquae
637 2201 674 2268 et
689 2196 895 2290 timuerunt,
913 2200 949 2266 et
964 2191 1084 2288 abyssi
1107 2193 1270 2266 turbatae
1296 2197 1397 2285 suut,

309 2303 345 2370 et
362 2297 499 2372 victua
523 2299 562 2372 in
588 2299 689 2396 aquis
715 2300 838 2374 multis
857 2309 895 2372 et
914 2295 1068 2394 vestigia
1092 2298 1155 2368 tua
1181 2318 1254 2370 non
1279 2317 1388 2390 appa-

308 2399 413 2486 rent²
430 2443 458 2478 a.
476 2403 545 2476 His
572 2403 682 2498 igitur
699 2405 818 2480 uerbis
835 2400 1001 2500 Apostoli
1018 2397 1172 2474 confessi
1195 2405 1288 2491 sunt,
1305 2421 1392 2472 euni-

308 2527 392 2580 uere
411 2529 488 2579 esso
506 2505 639 2582 Filium
656 2506 735 2600 Dei,
755 2509 798 2580 de
817 2531 886 2604 quo
911 2505 1000 2579 hacc
1023 2502 1141 2579 omnia
1158 2502 1253 2578 dicta
1275 2509 1389 2576 erant.

414 2609 741 2706 Quodsignum
760 2608 1215 2704 facis‚utvideamus
1234 2612 1389 2681 etone-

308 2712 538 2808 demusin
563 2719 607 2785 te
626 2714 739 2809 (loru.
756 2717 788 2808 6,
810 2716 942 2810 30-59).
969 2713 1001 2786 Ε
1038 2735 1129 2804 eece,
1147 2711 1260 2784 multa
1286 2709 1392 2806 signa

307 2815 480 2890 Dominus
498 2817 551 2890 eis
567 2817 780 2890 ostenderat.
798 2817 870 2892 Sed
887 2817 972 2916 quia
996 2840 1106 2891 unum
1124 2814 1387 2908 desiderabant,

305 2928 518 3016 spreverunt
554 2927 682 3015 cetera,
709 2944 801 3017 quae
820 2921 964 3016 lecerat,
988 2926 1024 2992 et
1049 2920 1100 2994 ita
1125 2918 1265 3015 loquuti
1290 2923 1386 3012 sunt,

178 3093 185 3110 ‚
305 3046 347 3094 ao
360 3023 391 3096 si
409 3031 578 3100 numeret
594 3025 688 3100 fama
705 3027 977 3128 ejusnunquam
995 3024 1033 3100 in
1050 3048 1155 3098 aures
1173 3047 1295 3096 eorum
1313 3045 1388 3096 rna·

304 3137 435 3201 nasset.
455 3127 638 3226 Quidjam
655 3137 746 3223 erut,
760 3131 854 3228 quod
871 3127 1067 3204 volebant?
1093 3129 1136 3202 Id
1153 3127 1287 3224 apertis
1304 3148 1387 3200 uer-

304 3229 361 3304 bis
383 3231 416 3306 ei
443 3231 634 3306 dixerunt:
662 3233 834 3306 Patres
860 3232 1015 3308 nostri
1041 3231 1385 3306 manducarunt

304 3329 471 3412 Manna
495 3336 542 3408 in
569 3337 775 3430 deserto,
796 3343 845 3434 ut
872 3344 916 3437 et
943 3335 1286 3432 scriptumest:
1308 3333 1386 3406 Pa-

303 3459 402 3516 nem
429 3439 543 3512 coeli
577 3440 702 3512 dedit
728 3441 796 3513 eis
836 3439 1235 3525 manducandum?
1275 3437 1386 3526 Quasi

303 3539 432 3638 aliquis
450 3541 605 3616 diceret:
625 3544 663 3618 Si
680 3544 766 3618 facis
784 3544 856 3618 tale
874 3545 1028 3640 signum,
1044 3545 1145 3637 bene,
1155 3543 1187 3616 si
1202 3541 1331 3636 minus,
1348 3545 1386 3614 te

302 3645 467 3719 nolumus
484 3647 522 3719 in
539 3654 720 3744 posterum
736 3647 869 3742 videre,
888 3649 971 3746 quia
987 3645 1131 3744 Moyses
1155 3646 1247 3720 dixit
1263 3645 1385 3720 nobis:

306 3749 565 3848 eProphetam,
576 3753 679 3826 sicuti
696 3777 764 3845 me,
783 3753 967 3828 suscitabit
983 3749 1112 3826 vobis³
1130 3789 1158 3826 a.
1178 3750 1295 3840 Quum
1311 3749 1385 3822 Do-

301 3854 419 3930 minus
436 3879 497 3932 eos
514 3856 558 3930 de
584 3855 709 3954 Moyse
727 3857 920 3953 gloriantes
946 3857 1133 3954 ipsumque
1160 3861 1385 3927 contemnen-

300 3962 356 4032 tes
372 3961 520 4054 videret,
538 3960 632 4058 quod
648 3961 849 4056 uoluerunt,
866 3962 981 4037 facere
1004 3957 1133 4055 renuit,
1149 3981 1220 4033 non
1245 3957 1333 4056 quia
1346 3956 1384 4031 id

378 4246 404 4300 1.
425 4243 477 4302 Pa.
492 4244 538 4318 ss,
555 4245 600 4301 10.

374 4325 402 4380 2.
423 4319 473 4380 Ps.
488 4322 534 4400 lb,
551 4325 597 4380 lt.

374 4407 401 4464 3.
422 4400 515 4462 Danu.
531 4401 577 4474 18,
594 4401 639 4462 18.
