3218 5026
320 413 344 458 X

322 540 338 574 a
355 517 404 589 Et
419 541 488 590 non
506 519 670 614 cognovit
687 543 775 614 earn,
789 520 898 594 donec
918 521 1057 619 peperit
1071 521 1181 595 filium
1200 545 1302 596 suum
1322 523 1393 620 pri·
1418 512 1421 514 ’

320 637 575 732 mogenitum'a.
595 637 665 709 Sed
683 638 747 710 hae
764 639 807 710 de
827 663 864 712 re
891 640 1064 736 singulari
1091 625 1339 714 dissertatione
1355 666 1394 715 u-

320 755 450 846 berius,
467 753 543 826 Deo
556 753 713 850 juvante,
728 755 895 852 dicturus,
913 759 1131 852 argumentis
1148 761 1250 833 modo
1268 763 1306 834 in
1323 786 1396 834 me-

322 870 418 944 dium
444 871 590 968 prolatis
617 874 702 947 satis
728 875 953 949 confirmasse
989 876 1163 972 existimo,
1188 879 1281 952 hunc
1308 883 1396 954 111-

320 993 479 1088 phraemi
521 993 807 1066 commentarium
842 1000 979 1072 textum
1022 995 1218 1070 Diatessari
1255 998 1396 1072 Tatiani

320 1112 511 1206 continere,
532 1119 568 1185 et
583 1113 673 1186 hanc
698 1117 741 1188 ob
768 1137 907 1187 causam
934 1115 1080 1188 maximi
1108 1139 1185 1192 esse
1209 1119 1396 1192 aestiman-

287 1232 289 1234 ’
321 1230 414 1304 dum.
434 1233 570 1324 Restat,
584 1241 624 1304 ut
636 1232 679 1304 de
697 1233 803 1327 fonte,
817 1234 1140 1308 unde'Armeniaca
1158 1217 1275 1334 versio
1292 1235 1396 1333 hujus

321 1349 438 1445 operis
456 1375 482 1424 s.
495 1351 684 1449 Ephraemi
707 1352 744 1426 in
761 1354 874 1426 lucem
893 1355 1032 1451 prediit,
1051 1363 1086 1428 11
1108 1356 1152 1428 de
1174 1339 1303 1428 Latina
1320 1354 1395 1449 ejus

321 1469 563 1564 translatione,
580 1491 669 1566 quac
689 1471 726 1543 in
750 1473 816 1546 hoc
832 1472 923 1546 libro
942 1473 1151 1568 continetur,
1169 1495 1282 1572 pauca
1305 1472 1397 1546 dica·

325 1604 412 1658 mus.
1354 1613 1356 1618 ’

840 1943 896 2016 ΙΙΙ

401 2159 561 2239 v'nasro
597 2189 858 2242 1111111111
893 2191 943 2238 nr
978 2191 1145 2240 narina
1185 2188 1323 2240 nurus

439 2336 444 2345 v
543 2323 856 2398 counuuraan
884 2325 911 2373 s.
939 2324 1180 2374 1111111111.

427 2535 562 2608 Textus
579 2533 752 2608 versionis
778 2535 1009 2609 Armeniacae
1035 2535 1140 2632 hujus
1167 2534 1284 2632 operis
1308 2558 1335 2608 s.
1353 2532 1400 2606 Ε-

324 2649 485 2748 phraemi
496 2675 548 2724 ex
566 2651 808 2750 Manuscripto
825 2653 1035 2726 Armeniaca
1061 2653 1266 2726 monasterii
1289 2677 1315 2727 a.
1334 2639 1402 2726 Lai

295 2853 297 2860 Ι
328 2772 401 2844 uari
419 2771 624 2868 desumptus
643 2777 708 2864 est,
727 2771 857 2868 scripto
875 2772 912 2844 in
930 2772 1142 2860 monasterio
1160 2771 1293 2846 Halbat
1309 2793 1401 2844 anno

325 2892 560 2966 Armenorum
578 2893 648 2976 644
666 2891 688 2963 i.
708 2911 737 2964 e.
759 2893 851 2964 1195
869 2898 950 2988 post
970 2889 1164 2986 Christum,
1182 2891 1274 2964 utin
1294 2889 1400 2962 adno-

326 3010 457 3084 tatione
474 3009 512 3084 in
528 3009 692 3108 fine'ejus
718 3009 855 3108 adjecta
872 3017 907 3083 ct
933 3009 970 3082 in
996 3009 1211 3109 praefatione
1238 3007 1402 3081 editionis

328 3129 558 3204 Armeniacae
572 3133 654 3202 tom.
668 3127 698 3224 I,
712 3131 783 3226 pu
810 3127 941 3201 dictum
960 3133 1024 3200 est.
1043 3126 1112 3200 Hic
1129 3126 1241 3236 ocdpx
1258 3124 1296 3197 in
1315 3147 1403 3199 non-

327 3243 435 3319 nuliis
462 3245 548 3320 locis
574 3245 706 3344 partim
731 3254 869 3343 ruptus,
897 3244 1025 3344 partim
1048 3243 1182 3318 'oblitus
1209 3251 1283 3338 est,
1308 3242 1416 3317 unde·

327 3363 458 3438 multae
484 3366 642 3458 lacunae,
668 3389 757 3461 quae
789 3366 827 3437 in
845 3371 945 3438 textu
970 3364 1142 3460 impresso
1168 3362 1410 3460 reperiuntur,

328 3490 470 3556 exortae
490 3489 580 3556 sunt.
598 3484 657 3556 Ad
675 3483 768 3556 hunc
785 3485 950 3579 codicem,
964 3481 1075 3580 quiin
1092 3482 1161 3554 isto
1176 3481 1268 3556 libro
1291 3481 1403 3554 codex

328 3605 361 3675 A
379 3601 588 3700 appellatur,
615 3600 753 3674 accedit·
777 3603 878 3696 alter,
905 3601 1035 3676 ibidem
1061 3599 1174 3672 codex
1191 3599 1222 3672 B
1241 3596 1422 3694 designa-¹

327 3727 395 3814 tus,
414 3719 457 3794 de
477 3745 546 3818 quc
563 3715 600 3795 in
625 3728 819 3796 memorata
843 3721 1059 3818 praefatione
1087 3719 1251 3792 editionis
1277 3719 1404 3792 Arme·

327 3840 447 3911 niacae
465 3863 610 3937 operum
628 3863 654 3914 e.
668 3841 860 3938 Ephraomi
878 3863 911 3936 p.
937 3841 1065 3912 thaec
1095 3838 1188 3910 dicta
1213 3835 1402 3932 leguntur:

332 3979 346 4013 s
363 3957 480 4054 Prope
498 3961 604 4033 finem
621 3955 863 4056 impressionis
879 3955 1164 4056 “Explicationis
1186 3950 1402 4049 Evangelii»

332 4097 384 4148 “a
402 4075 478 4150 viro
496 4081 646 4176 quodam
664 4078 830 4174 religioso
848 4076 944 4150 aliud
963 4075 1145 4174 exemplar
1164 4075 1208 4148 ad
1235 4094 1298 4144 nos
1324 4093 1405 4166 per·

329 4195 436 4289 venit,
455 4195 548 4292 quod
565 4223 586 4269 a
603 4221 630 4271 s.
646 4198 797 4273 Nersete
815 4194 1072 4294 Lampronensi
1090 4194 1258 4269 diuinitus
1277 4187 1405 4261 consti-

265 4391 266 4394 ,
330 4322 405 4390 tuto
436 4317 697 4415 archiepiscopo
728 4315 872 4414 propria
898 4338 1004 4388 manu
1039 4312 1274 4408 conscriptum
1302 4314 1364 4382 est·
1377 4345 1405 4413 a.
1474 4365 1476 4370 .

330 4433 364 4506 S.
379 4419 514 4516 Ner'ses
540 4433 615 4532 ipse
647 4435 684 4536 in
714 4436 782 4510 fine
813 4431 947 4507 codicis
971 4433 1061 4508 hanc
1090 4431 1350 4506 adnotationem
1368 4425 1416 4500 in¹
