3218 5026
1253 336 1274 403 5

289 463 414 558 Porro,
434 464 465 537 si
482 465 547 538 hcc
564 465 724 539 Verbum
744 471 849 537 “erat
867 464 961 561 apud
975 463 1092 536 Deum
1104 503 1133 558 a,
1153 471 1188 536 et
1205 488 1276 536 non

181 566 264 640 Deo
279 567 306 661 ⁴,
324 568 473 640 dicendo
493 591 508 626 a
526 568 620 665 apud
634 567 751 640 Deum
765 608 794 662 a,
815 567 1047 664 Evangelista
1064 566 1158 640 clare
1175 568 1276 642 nobie

185 672 346 770 exponit,
361 671 466 769 quod,
481 670 678 745 sicutDeus
693 677 780 765 erat,
794 672 888 769 apud
901 695 1003 768 quem
1020 677 1096 744 erat
1105 672 1276 766 Verbum,
1324 699 1327 710 ’

74 803 76 808 ·
184 775 239 848 ita
256 782 292 848 et
309 777 427 873 ipsum
444 777 603 850 Verbum
621 775 715 873 apud
739 775 856 848 Deum
883 800 953 872 qua
972 775 1070 848 Deus
1089 775 1276 848 existebat.

186 882 225 952 A
250 879 492 976 principio
520 887 621 952 erat
645 881 858 954 Verbum.
885 879 1022 970 Quibus
1047 879 1166 953 verbis
1188 879 1277 952 duas

185 1006 247 1056 res
266 983 469 1077 declaravit,
489 983 623 1056 scilicet
643 991 807 1057 naturam
832 983 944 1058 Verbi
961 991 996 1056 et
1014 983 1279 1078 generationem

187 1087 276 1184 ejus.
295 1089 343 1160 Et
360 1110 405 1160 ne
427 1109 442 1144 e
458 1088 618 1162 Verbum
635 1127 650 1162 e
671 1090 804 1184 absque
821 1087 1112 1184 interpretatione
1135 1087 1278 1180 sineret,

187 1191 340 1288 adjecit:
359 1192 455 1265 Hoc
475 1191 679 1266 Verbum
705 1197 808 1264 erat
834 1191 954 1288 apud
980 1189 1132 1284 Deum,
1150 1190 1278 1286 quibus

189 1295 262 1372 duo
287 1293 516 1391 praedicavit,
535 1295 701 1393 primum,
720 1295 814 1390 quod
834 1296 994 1370 Verbum
1011 1317 1083 1366 non
1100 1299 1155 1365 est
1180 1294 1280 1367 velut

188 1398 295 1470 homo
313 1397 453 1494 aliquio,
472 1399 556 1494 quia
586 1399 711 1496 “apud
728 1399 845 1472 Deum
868 1406 945 1473 erat
962 1438 991 1492 a,
1019 1395 1147 1470 deinde
1166 1398 1280 1472 subsi-

188 1502 360 1574 stentiam
377 1501 499 1575 Verbi.
517 1503 574 1576 'ut
599 1502 726 1576 Deus
754 1510 856 1576 erat
876 1504 1089 1595 Verbum,
1116 1525 1185 1597 quo
1210 1502 1281 1574 tria

190 1605 322 1695 docuit,
336 1605 516 1698 nimirum,
526 1607 685 1681 Verbum
699 1629 778 1680 esse
793 1605 920 1700 Deum,
933 1629 1121 1704 personam
1134 1613 1170 1678 et
1183 1606 1282 1700 geni-

190 1717 279 1782 tum.
307 1711 402 1782 Hoc
428 1717 531 1783 erat
557 1735 579 1782 a
604 1709 847 1807 principio
874 1710 994 1807 apud
1020 1708 1281 1782 DeumPru-

191 1813 319 1885 denter
346 1813 433 1887 haec
460 1817 570 1888 verba
587 1815 762 1912 apposuit,
788 1838 833 1886 ne
851 1839 958 1888 unam
975 1836 1163 1911 personam
1180 1836 1282 1909 prae·

191 1917 311 1990 dicare
336 1917 527 1990 videretur.
564 1920 659 1994 Hoc
685 1925 787 1992 erat
825 1943 847 1992 a
883 1917 1124 2015 principio
1159 1917 1280 2015 apud

191 2019 347 2093 Deum.
373 2021 477 2093 Dixit
503 2045 588 2118 ergo
614 2023 768 2120 primum
791 2021 835 2093 de
858 2022 1086 2118 generatione
1112 2021 1199 2118 ejus,
1227 2044 1281 2094 se·

191 2123 319 2217 cundo,
336 2123 430 2220 quod
447 2126 541 2222 apud
559 2149 640 2198 eum
657 2134 744 2220 erat,
771 2125 886 2219 tertio,
912 2127 1006 2222 quod
1024 2132 1060 2198 et
1076 2124 1174 2198 Deus
1192 2133 1280 2220 erat,

190 2234 331 2324 quarto,
351 2228 444 2324 quod
455 2229 531 2326 jam
548 2229 687 2326 pridem
704 2229 798 2328 apud
814 2253 895 2302 eum
912 2237 998 2303 erat.

303 2331 465 2405 Omnia
491 2356 574 2428 per
600 2333 750 2430 ipsum
776 2333 901 2406 facta
927 2338 1048 2426 sunt,
1071 2331 1156 2428 quia
1172 2353 1281 2428 opera

192 2458 259 2532 per
277 2435 395 2532 ipsum
413 2437 604 2510 constituta
621 2445 715 2531 sunt,
738 2437 911 2534 Apostolo
930 2437 1093 2510 dicente:
1123 2458 1138 2494 a
1156 2435 1284 2510 Omnia

192 2563 260 2637 per
285 2539 403 2636 ipsum
420 2539 512 2614 facta
539 2549 632 2635 sunt,
659 2543 743 2638 quia
758 2565 823 2638 per
840 2543 959 2637 ipsum
984 2539 1175 2614 constituta
1201 2547 1284 2612 sunt

191 2641 357 2740 opera2„
378 2649 432 2716 et:
453 2643 553 2718 “Per
572 2669 653 2718 eum
669 2645 752 2718 fecit
769 2645 972 2720 universam
998 2641 1154 2718 terram⁵
1172 2681 1201 2718 n.
1227 2643 1285 2716 ut

194 2751 301 2819 sine
336 2747 438 2844 ipso
467 2748 640 2822 iactum
666 2748 900 2823 estnihil.
937 2747 1041 2837 Quod
1075 2746 1170 2820 idem
1208 2753 1285 2820 est.

195 2850 519 2948 Quodcunque
553 2852 726 2926 facturn
753 2851 865 2946 esti,
891 2876 973 2950 per
998 2851 1150 2949 ipsum
1183 2850 1283 2923 vita

195 2961 311 3048 erat,
338 2962 383 3027 et
407 2956 507 3028 vita
531 2965 633 3030 erat
661 2956 742 3030 lux
767 2955 1011 3050 hominum,
1038 2953 1122 3051 quia
1137 2977 1202 3050 per
1228 2977 1284 3026 or·

193 3065 273 3131 tum
290 3059 365 3156 ejus
384 3083 494 3154 error,
512 3060 573 3156 qui
590 3069 843 3158 praecesserat,
855 3065 1083 3156 consumptus
1100 3056 1285 3154 disparuit

193 3163 254 3236 Et
286 3162 400 3235 haec
425 3161 508 3236 lux
533 3164 581 3236 in
606 3163 824 3237 tenebris
856 3163 1046 3236 lucebat
1081 3167 1125 3232 et
1159 3167 1285 3232 tene-

195 3269 307 3340 brae
334 3291 430 3340 eam
455 3291 545 3340 non
572 3259 807 3361 vicerunt,
832 3273 872 3340 ut
893 3272 929 3338 et
946 3265 1054 3340 dicit:
1084 3264 1175 3340 «Ad
1202 3287 1284 3338 suos

195 3370 296 3443 venit
313 3378 349 3444 et
367 3370 422 3444 sui
439 3393 510 3444 uon
527 3379 739 3471 receperunt
755 3409 783 3444 a.

237 3562 240 3567 ’
282 3567 309 3624 1.
329 3564 367 3622 Id
388 3567 445 3640 est,
466 3584 485 3625 a
504 3565 570 3627 Deo
591 3566 706 3626 factum
726 3569 758 3624 et
778 3565 845 3626 Deo
866 3565 1064 3638 destinatum,
1090 3566 1126 3622 ut
1150 3563 1288 3640 reliquae

198 3661 251 3703 res
267 3645 401 3704 creatae.
416 3644 503 3712 Quae
517 3650 697 3722 sequnntur,
711 3663 752 3704 ex
765 3645 833 3704 cod.
847 3643 873 3702 B
886 3644 967 3703 verti
980 3664 988 3720 3
1002 3647 1109 3704 textus
1121 3643 1288 3720 impressus

199 3723 246 3781 ita
265 3722 396 3782 forsitan
416 3725 603 3784 vertendus:
618 3725 708 3784 Clare
728 3725 818 3784 nobis
833 3723 968 3800 exponit,
981 3724 1074 3800 quod,
1089 3721 1169 3781 sicut
1181 3725 1249 3780 erat
1260 3721 1288 3780 is

198 3802 252 3878 qui
263 3803 497 3940 eraqffiergpler),
508 3803 553 3862 ita
562 3809 595 3863 et
603 3804 847 3881 ipsumVerbum
856 3802 938 3880 apud
946 3803 1045 3861 Deum
1054 3800 1188 3884 (semper
1196 3798 1288 3879 erat).

280 3884 309 3940 2.
414 3885 611 3954 coss.l‚18.

282 3963 311 4019 3.
327 3961 364 4019 In
378 3960 447 4020 cod.
461 3961 487 4020 B
510 3961 641 4022 Dicente
653 3962 822 4040 Apostolc:
839 3960 927 4020 “Per
941 3977 1010 4020 eum
1024 3957 1100 4018 iecit
1112 3958 1289 4016 universam

197 4039 315 4098 terram
334 4070 360 4102 a.
372 4039 503 4117 Reliqua
517 4041 636 4114 desunt,
652 4042 717 4100 sine
731 4041 823 4101 dubio
838 4058 880 4099 ex
891 4038 1002 4100 mendo
1018 4037 1186 4116 scriptoris.
1199 4036 1289 4096 Unde

202 4119 282 4178 haee
296 4117 394 4178 verba
408 4124 530 4196 sumpta
539 4121 609 4197 sint,
623 4120 741 4198 ignoro.

286 4199 315 4256 4.
334 4197 393 4258 Hic
406 4198 494 4258 locus
508 4199 537 4258 in
551 4201 752 4260 Diatessaron
767 4217 786 4258 a
800 4198 891 4257 textu
904 4197 1026 4256 Graeco
1046 4196 1136 4256 ualde
1152 4195 1292 4254 diversus

204 4277 288 4336 hunc
311 4293 434 4336 sensum
454 4277 569 4339 habet:
590 4279 698 4339 Omnia
718 4296 773 4356 per
793 4277 948 4338 Christum
966 4275 1050 4336 iacta
1069 4293 1124 4354 per
1137 4275 1292 4336 Christum

206 4355 378 4493 etiautrstvitta
391 4361 490 4431 erant,
505 4358 524 4418 i.
539 4376 567 4417 e.
582 4359 621 4420 ad
636 4359 732 4420 vitam
746 4376 851 4418 veram
872 4360 904 4416 et
923 4359 1152 4434 permanentem
1166 4353 1249 4414 iacta
1261 4352 1293 4411 et

206 4450 280 4493 eone
321 4453 382 4494 ua.
